COLLECTION_TIME,MESSAGE_ID,MESSAGE_TYPE,SYMBOL,PRICE,SIZE,TRADE_ID,TRADE_FLAGS
2022-08-01 13:18:42.396890880,244433,T,SPY,409.170000,100,18685253,EXTENDED_HOURS
2022-08-01 13:19:52.738202880,248890,T,SPY,409.070000,100,19127856,EXTENDED_HOURS
2022-08-01 13:19:52.738856960,248891,T,SPY,409.070000,200,19127865,EXTENDED_HOURS
2022-08-01 13:30:00.315073024,342586,T,SPY,409.170000,7,25037432,INTERMARKET_SWEEP|REGULAR_HOURS|ODD_LOT|TRADE_THROUGH_EXEMPT
2022-08-01 13:30:00.318130944,342604,T,SPY,409.170000,3,25039337,INTERMARKET_SWEEP|REGULAR_HOURS|ODD_LOT|TRADE_THROUGH_EXEMPT
2022-08-01 13:30:00.787931904,356063,T,SPY,409.155000,1,25440768,REGULAR_HOURS|ODD_LOT
2022-08-01 13:30:00.787942912,356084,T,SPY,409.155000,10,25441307,REGULAR_HOURS|ODD_LOT
2022-08-01 13:30:00.927089920,362656,T,SPY,409.170000,28,25668238,INTERMARKET_SWEEP|REGULAR_HOURS|ODD_LOT|TRADE_THROUGH_EXEMPT
2022-08-01 13:30:00.927109120,362658,T,SPY,409.170000,23,25668268,INTERMARKET_SWEEP|REGULAR_HOURS|ODD_LOT|TRADE_THROUGH_EXEMPT
2022-08-01 13:30:00.953818112,364063,T,SPY,409.180000,12,25712522,REGULAR_HOURS|ODD_LOT|TRADE_THROUGH_EXEMPT
2022-08-01 13:30:00.953819904,364065,T,SPY,409.180000,7,25712554,REGULAR_HOURS|ODD_LOT|TRADE_THROUGH_EXEMPT
2022-08-01 13:30:00.953821952,364069,T,SPY,409.190000,81,25712605,REGULAR_HOURS|ODD_LOT|TRADE_THROUGH_EXEMPT
2022-08-01 13:30:00.966792960,364811,T,SPY,409.180000,100,25734071,REGULAR_HOURS|TRADE_THROUGH_EXEMPT
2022-08-01 13:30:01.172510976,378173,T,SPY,409.210000,100,26141490,REGULAR_HOURS|TRADE_THROUGH_EXEMPT
2022-08-01 13:30:01.658967040,397167,T,SPY,409.295000,100,26807326,REGULAR_HOURS
2022-08-01 13:30:01.701900032,398782,T,SPY,409.280000,900,26861442,INTERMARKET_SWEEP|REGULAR_HOURS
2022-08-01 13:30:01.799013120,401474,T,SPY,409.270000,600,26965077,REGULAR_HOURS
2022-08-01 13:30:01.799013888,401475,T,SPY,409.270000,800,26965098,REGULAR_HOURS
2022-08-01 13:30:01.799014912,401477,T,SPY,409.270000,100,26965127,REGULAR_HOURS
2022-08-01 13:30:01.820688896,402329,T,SPY,409.290000,200,26994971,INTERMARKET_SWEEP|REGULAR_HOURS
2022-08-01 13:30:01.820690944,402333,T,SPY,409.290000,100,26995010,INTERMARKET_SWEEP|REGULAR_HOURS
2022-08-01 13:30:01.835956992,402813,T,SPY,409.275000,100,27014447,REGULAR_HOURS
2022-08-01 13:30:02.025671936,410812,T,SPY,409.250000,100,27323194,REGULAR_HOURS
2022-08-01 13:30:02.025693952,410814,T,SPY,409.240000,100,27323228,REGULAR_HOURS
2022-08-01 13:30:02.425934080,422015,T,SPY,409.290000,100,27782276,REGULAR_HOURS
2022-08-01 13:30:02.560206080,425234,T,SPY,409.280000,10,27911326,INTERMARKET_SWEEP|REGULAR_HOURS|ODD_LOT
2022-08-01 13:30:02.758437888,429748,T,SPY,409.220000,200,28084781,REGULAR_HOURS
2022-08-01 13:30:02.918871040,432232,T,SPY,409.250000,100,28187242,REGULAR_HOURS
2022-08-01 13:30:03.004537088,433529,T,SPY,409.290000,61,28252901,INTERMARKET_SWEEP|REGULAR_HOURS|ODD_LOT
2022-08-01 13:30:03.126366976,439094,T,SPY,409.240000,100,28499391,INTERMARKET_SWEEP|REGULAR_HOURS
2022-08-01 13:30:03.327986944,444265,T,SPY,409.250000,99,28707914,REGULAR_HOURS|ODD_LOT
2022-08-01 13:30:03.941131008,458496,T,SPY,409.270000,200,29248985,REGULAR_HOURS
2022-08-01 13:30:04.452667904,469231,T,SPY,409.260000,100,29795904,INTERMARKET_SWEEP|REGULAR_HOURS
2022-08-01 13:30:04.513598976,470317,T,SPY,409.240000,89,29840026,REGULAR_HOURS|ODD_LOT
2022-08-01 13:30:05.044953088,480246,T,SPY,409.290000,100,30277177,INTERMARKET_SWEEP|REGULAR_HOURS
2022-08-01 13:30:06.549102080,501304,T,SPY,409.255000,100,31296985,REGULAR_HOURS
2022-08-01 13:30:06.549773056,501332,T,SPY,409.255000,100,31297633,REGULAR_HOURS
2022-08-01 13:30:06.689804032,503011,T,SPY,409.250000,200,31367867,REGULAR_HOURS
2022-08-01 13:30:10.708833024,545718,T,SPY,409.330000,100,33268711,REGULAR_HOURS
2022-08-01 13:30:10.708944896,545719,T,SPY,409.320000,100,33268725,REGULAR_HOURS
2022-08-01 13:30:13.817814016,571555,T,SPY,409.320000,126,34435328,REGULAR_HOURS
2022-08-01 13:30:16.754972928,594780,T,SPY,409.450000,100,35438801,REGULAR_HOURS
2022-08-01 13:30:17.805938944,601081,T,SPY,409.460000,100,35690803,REGULAR_HOURS
2022-08-01 13:30:19.363130880,612143,T,SPY,409.420000,100,36211944,INTERMARKET_SWEEP|REGULAR_HOURS
2022-08-01 13:30:21.942002944,630962,T,SPY,409.520000,3,37041301,INTERMARKET_SWEEP|REGULAR_HOURS|ODD_LOT
2022-08-01 13:30:21.942049024,630964,T,SPY,409.520000,1,37041345,INTERMARKET_SWEEP|REGULAR_HOURS|ODD_LOT
2022-08-01 13:30:23.982195968,646823,T,SPY,409.480000,100,37774813,REGULAR_HOURS
2022-08-01 13:30:24.950718976,653776,T,SPY,409.485000,200,38065627,REGULAR_HOURS
2022-08-01 13:30:24.955862016,653818,T,SPY,409.490000,30,38067739,INTERMARKET_SWEEP|REGULAR_HOURS|ODD_LOT
2022-08-01 13:30:25.474316032,658061,T,SPY,409.450000,300,38251936,REGULAR_HOURS
2022-08-01 13:30:25.537699072,659173,T,SPY,409.410000,6,38302394,REGULAR_HOURS|ODD_LOT
2022-08-01 13:30:25.556879872,659427,T,SPY,409.410000,100,38313426,INTERMARKET_SWEEP|REGULAR_HOURS
2022-08-01 13:30:25.556884992,659430,T,SPY,409.410000,294,38313472,REGULAR_HOURS
2022-08-01 13:30:25.556884992,659431,T,SPY,409.410000,100,38313490,REGULAR_HOURS
2022-08-01 13:30:26.410507008,666284,T,SPY,409.420000,3,38628719,INTERMARKET_SWEEP|REGULAR_HOURS|ODD_LOT
2022-08-01 13:30:26.410918912,666302,T,SPY,409.420000,2,38630388,REGULAR_HOURS|ODD_LOT
2022-08-01 13:30:27.326821120,673967,T,SPY,409.510000,100,38971476,REGULAR_HOURS
2022-08-01 13:30:30.017648128,694609,T,SPY,409.530000,100,39924507,REGULAR_HOURS
2022-08-01 13:30:30.131958016,695741,T,SPY,409.480000,100,39970279,INTERMARKET_SWEEP|REGULAR_HOURS
2022-08-01 13:30:37.176286976,760825,T,SPY,409.490000,200,42833855,REGULAR_HOURS
2022-08-01 13:30:44.400698112,822955,T,SPY,409.400000,300,45566438,REGULAR_HOURS
2022-08-01 13:30:49.438167040,856879,T,SPY,409.390000,100,47081839,INTERMARKET_SWEEP|REGULAR_HOURS
2022-08-01 13:30:51.016113920,870742,T,SPY,409.500000,500,47702087,INTERMARKET_SWEEP|REGULAR_HOURS|TRADE_THROUGH_EXEMPT
2022-08-01 13:30:51.016128000,870743,T,SPY,409.500000,500,47702114,INTERMARKET_SWEEP|REGULAR_HOURS|TRADE_THROUGH_EXEMPT
2022-08-01 13:30:51.016135936,870744,T,SPY,409.500000,500,47702126,INTERMARKET_SWEEP|REGULAR_HOURS|TRADE_THROUGH_EXEMPT
2022-08-01 13:30:51.016161024,870747,T,SPY,409.500000,500,47702154,INTERMARKET_SWEEP|REGULAR_HOURS|TRADE_THROUGH_EXEMPT
2022-08-01 13:30:51.016161024,870748,T,SPY,409.500000,500,47702174,INTERMARKET_SWEEP|REGULAR_HOURS|TRADE_THROUGH_EXEMPT
2022-08-01 13:30:51.030269952,871238,T,SPY,409.510000,500,47731661,INTERMARKET_SWEEP|REGULAR_HOURS
2022-08-01 13:30:51.030362112,871239,T,SPY,409.510000,500,47731704,INTERMARKET_SWEEP|REGULAR_HOURS
2022-08-01 13:30:51.430465024,875624,T,SPY,409.580000,5,47925557,REGULAR_HOURS|ODD_LOT
2022-08-01 13:30:51.599003904,880130,T,SPY,409.610000,100,48119307,REGULAR_HOURS
2022-08-01 13:30:52.218902016,884861,T,SPY,409.620000,200,48326377,REGULAR_HOURS
2022-08-01 13:30:53.674155008,895980,T,SPY,409.600000,100,48832860,REGULAR_HOURS
2022-08-01 13:30:55.232764928,909844,T,SPY,409.530000,100,49431882,INTERMARKET_SWEEP|REGULAR_HOURS
2022-08-01 13:30:55.232784896,909845,T,SPY,409.520000,200,49431889,INTERMARKET_SWEEP|REGULAR_HOURS
2022-08-01 13:30:55.439272960,911011,T,SPY,409.570000,500,49486213,REGULAR_HOURS
2022-08-01 13:30:56.414843904,916614,T,SPY,409.550000,100,49718785,INTERMARKET_SWEEP|REGULAR_HOURS
2022-08-01 13:30:59.517547008,940245,T,SPY,409.460000,100,50759896,INTERMARKET_SWEEP|REGULAR_HOURS
2022-08-01 13:31:00.104176128,946677,T,SPY,409.470000,100,51050439,REGULAR_HOURS
2022-08-01 13:31:01.206007040,960932,T,SPY,409.500000,100,51624026,REGULAR_HOURS
2022-08-01 13:31:01.416058112,963817,T,SPY,409.440000,100,51741171,INTERMARKET_SWEEP|REGULAR_HOURS
2022-08-01 13:31:01.417871104,963879,T,SPY,409.440000,200,51743757,INTERMARKET_SWEEP|REGULAR_HOURS
2022-08-01 13:31:03.047494912,980980,T,SPY,409.350000,61,52395509,INTERMARKET_SWEEP|REGULAR_HOURS|ODD_LOT
2022-08-01 13:31:03.076608000,981322,T,SPY,409.350000,100,52412083,REGULAR_HOURS
2022-08-01 13:31:03.076609024,981323,T,SPY,409.350000,200,52412144,REGULAR_HOURS
2022-08-01 13:31:03.548146944,988868,T,SPY,409.270000,41,52694855,INTERMARKET_SWEEP|REGULAR_HOURS|ODD_LOT
2022-08-01 13:31:03.651422976,989812,T,SPY,409.270000,100,52728443,INTERMARKET_SWEEP|REGULAR_HOURS
2022-08-01 13:31:03.748474880,991122,T,SPY,409.280000,40,52779841,INTERMARKET_SWEEP|REGULAR_HOURS|ODD_LOT
2022-08-01 13:31:03.750034944,991130,T,SPY,409.280000,60,52780406,REGULAR_HOURS|ODD_LOT
2022-08-01 13:31:03.755780096,991158,T,SPY,409.290000,1,52782383,REGULAR_HOURS|ODD_LOT
2022-08-01 13:31:04.106980096,994319,T,SPY,409.285000,100,52902780,REGULAR_HOURS
2022-08-01 13:31:04.364008960,997082,T,SPY,409.300000,100,53000275,REGULAR_HOURS
2022-08-01 13:31:04.521501952,998113,T,SPY,409.320000,100,53038203,REGULAR_HOURS
2022-08-01 13:31:04.537310976,998322,T,SPY,409.310000,58,53045248,INTERMARKET_SWEEP|REGULAR_HOURS|ODD_LOT
2022-08-01 13:31:04.937822976,1002654,T,SPY,409.370000,100,53224359,REGULAR_HOURS
2022-08-01 13:31:05.314899968,1006056,T,SPY,409.330000,100,53365831,INTERMARKET_SWEEP|REGULAR_HOURS
2022-08-01 13:31:05.385022976,1007009,T,SPY,409.350000,100,53402142,REGULAR_HOURS
2022-08-01 13:31:06.004986112,1015362,T,SPY,409.315000,100,53688426,REGULAR_HOURS
2022-08-01 13:31:06.008023040,1015398,T,SPY,409.310000,100,53689713,REGULAR_HOURS
2022-08-01 13:31:06.190379008,1017179,T,SPY,409.300000,100,53756791,REGULAR_HOURS
2022-08-01 13:31:07.345576960,1026958,T,SPY,409.290000,100,54123176,REGULAR_HOURS
2022-08-01 13:31:07.873765888,1031109,T,SPY,409.340000,100,54291612,REGULAR_HOURS
2022-08-01 13:31:07.979246080,1032023,T,SPY,409.350000,47,54328278,INTERMARKET_SWEEP|REGULAR_HOURS|ODD_LOT
2022-08-01 13:31:08.354731008,1035508,T,SPY,409.350000,47,54455400,INTERMARKET_SWEEP|REGULAR_HOURS|ODD_LOT
2022-08-01 13:31:08.355939072,1035532,T,SPY,409.350000,6,54456003,INTERMARKET_SWEEP|REGULAR_HOURS|ODD_LOT
2022-08-01 13:31:08.412677888,1035873,T,SPY,409.355000,100,54470552,REGULAR_HOURS
2022-08-01 13:31:09.813054976,1047070,T,SPY,409.365000,100,54906351,REGULAR_HOURS
2022-08-01 13:31:09.992423936,1048172,T,SPY,409.340000,100,54951984,REGULAR_HOURS
2022-08-01 13:31:09.992424960,1048176,T,SPY,409.340000,100,54952066,REGULAR_HOURS
2022-08-01 13:31:10.004418048,1048498,T,SPY,409.340000,100,54964680,INTERMARKET_SWEEP|REGULAR_HOURS
2022-08-01 13:31:10.028079104,1049194,T,SPY,409.320000,100,54995950,REGULAR_HOURS
2022-08-01 13:31:11.112860928,1056958,T,SPY,409.340000,100,55293794,REGULAR_HOURS
2022-08-01 13:31:11.803964928,1063085,T,SPY,409.330000,178,55524711,REGULAR_HOURS
2022-08-01 13:31:12.226983936,1068210,T,SPY,409.285000,100,55724529,REGULAR_HOURS
2022-08-01 13:31:12.602210048,1071265,T,SPY,409.290000,1,55841991,REGULAR_HOURS|ODD_LOT
2022-08-01 13:31:13.885597952,1093660,T,SPY,409.220000,100,56647730,INTERMARKET_SWEEP|REGULAR_HOURS
2022-08-01 13:31:15.064312064,1103901,T,SPY,409.250000,2004,57027396,REGULAR_HOURS
2022-08-01 13:31:15.225434112,1105819,T,SPY,409.245000,100,57095071,REGULAR_HOURS
2022-08-01 13:31:15.301772032,1106789,T,SPY,409.245000,100,57127318,INTERMARKET_SWEEP|REGULAR_HOURS
2022-08-01 13:31:15.301786880,1106791,T,SPY,409.245000,2004,57127415,REGULAR_HOURS
2022-08-01 13:31:15.301939968,1106807,T,SPY,409.240000,100,57127802,REGULAR_HOURS
2022-08-01 13:31:15.301939968,1106811,T,SPY,409.240000,127,57127846,REGULAR_HOURS
2022-08-01 13:31:15.396995072,1110023,T,SPY,409.200000,4125,57230176,REGULAR_HOURS
2022-08-01 13:31:15.548720896,1111650,T,SPY,409.210000,135,57291136,REGULAR_HOURS
2022-08-01 13:31:15.603506944,1112034,T,SPY,409.220000,1,57305784,REGULAR_HOURS|ODD_LOT
2022-08-01 13:31:15.865405952,1114493,T,SPY,409.205000,1503,57382655,REGULAR_HOURS
2022-08-01 13:31:16.063662080,1116730,T,SPY,409.200000,20,57457690,REGULAR_HOURS|ODD_LOT
2022-08-01 13:31:16.102918912,1117081,T,SPY,409.210000,1,57472179,REGULAR_HOURS|ODD_LOT
2022-08-01 13:31:16.251053056,1119254,T,SPY,409.190000,3500,57545960,REGULAR_HOURS
2022-08-01 13:31:17.224542976,1128827,T,SPY,409.155000,100,57879938,REGULAR_HOURS
2022-08-01 13:31:17.232102912,1128928,T,SPY,409.155000,100,57883241,INTERMARKET_SWEEP|REGULAR_HOURS
2022-08-01 13:31:17.232139008,1128929,T,SPY,409.155000,100,57883311,INTERMARKET_SWEEP|REGULAR_HOURS
2022-08-01 13:31:17.232483072,1128938,T,SPY,409.155000,100,57883997,INTERMARKET_SWEEP|REGULAR_HOURS
2022-08-01 13:31:17.242857984,1129125,T,SPY,409.155000,100,57891232,INTERMARKET_SWEEP|REGULAR_HOURS
2022-08-01 13:31:17.247441920,1129167,T,SPY,409.155000,1400,57893148,INTERMARKET_SWEEP|REGULAR_HOURS
2022-08-01 13:31:17.247571968,1129178,T,SPY,409.150000,100,57893488,INTERMARKET_SWEEP|REGULAR_HOURS
2022-08-01 13:31:17.404037888,1131009,T,SPY,409.170000,78,57966854,REGULAR_HOURS|ODD_LOT
2022-08-01 13:31:17.404087040,1131010,T,SPY,409.170000,54,57966862,REGULAR_HOURS|ODD_LOT
2022-08-01 13:31:18.824832000,1145119,T,SPY,409.070000,700,58458722,REGULAR_HOURS
2022-08-01 13:31:19.289927936,1149226,T,SPY,409.055000,2406,58614785,REGULAR_HOURS
2022-08-01 13:31:19.293787904,1149424,T,SPY,409.050000,500,58622615,REGULAR_HOURS
2022-08-01 13:31:19.295617024,1149467,T,SPY,409.050000,500,58624554,REGULAR_HOURS
2022-08-01 13:31:19.812500992,1153472,T,SPY,409.065000,500,58768792,REGULAR_HOURS
2022-08-01 13:31:19.812901888,1153474,T,SPY,409.065000,500,58768825,REGULAR_HOURS
2022-08-01 13:31:20.086554880,1156453,T,SPY,409.070000,100,58883623,REGULAR_HOURS
2022-08-01 13:31:20.182305024,1157274,T,SPY,409.090000,1002,58911504,REGULAR_HOURS
2022-08-01 13:31:20.265260032,1157997,T,SPY,409.095000,17,58934344,INTERMARKET_SWEEP|REGULAR_HOURS|ODD_LOT
2022-08-01 13:31:20.266066944,1158010,T,SPY,409.095000,33,58934935,INTERMARKET_SWEEP|REGULAR_HOURS|ODD_LOT
2022-08-01 13:31:20.269068032,1158039,T,SPY,409.095000,3158,58935980,REGULAR_HOURS
2022-08-01 13:31:20.269178880,1158040,T,SPY,409.090000,100,58935992,REGULAR_HOURS
2022-08-01 13:31:20.269179904,1158041,T,SPY,409.090000,742,58936005,REGULAR_HOURS
2022-08-01 13:31:20.269193984,1158043,T,SPY,409.090000,500,58936076,REGULAR_HOURS
2022-08-01 13:31:20.269675008,1158050,T,SPY,409.090000,500,58936323,REGULAR_HOURS
2022-08-01 13:31:20.269677056,1158051,T,SPY,409.090000,500,58936342,REGULAR_HOURS
2022-08-01 13:31:20.269677056,1158052,T,SPY,409.090000,500,58936413,REGULAR_HOURS
2022-08-01 13:31:20.430221056,1159308,T,SPY,409.090000,50,58975523,REGULAR_HOURS|ODD_LOT
2022-08-01 13:31:21.276279040,1168296,T,SPY,409.140000,100,59319139,REGULAR_HOURS
2022-08-01 13:31:22.169405952,1176950,T,SPY,409.190000,10,59645019,REGULAR_HOURS|ODD_LOT
2022-08-01 13:31:22.205480960,1177651,T,SPY,409.205000,3850,59671834,REGULAR_HOURS
2022-08-01 13:31:23.295706112,1186993,T,SPY,409.275000,100,60040873,REGULAR_HOURS
2022-08-01 13:31:24.632484096,1197785,T,SPY,409.280000,1,60438680,INTERMARKET_SWEEP|REGULAR_HOURS|ODD_LOT
2022-08-01 13:31:25.273776896,1203080,T,SPY,409.260000,1000,60650162,REGULAR_HOURS
2022-08-01 13:31:26.078876928,1209893,T,SPY,409.225000,100,60906663,REGULAR_HOURS
2022-08-01 13:31:26.251966976,1210981,T,SPY,409.220000,100,60945446,REGULAR_HOURS
2022-08-01 13:31:27.653082880,1226975,T,SPY,409.120000,10,61510728,INTERMARKET_SWEEP|REGULAR_HOURS|ODD_LOT|TRADE_THROUGH_EXEMPT
2022-08-01 13:31:29.837398016,1244275,T,SPY,409.200000,100,62135352,REGULAR_HOURS
2022-08-01 13:31:30.465741056,1249496,T,SPY,409.210000,100,62325150,REGULAR_HOURS
2022-08-01 13:31:30.520374016,1249883,T,SPY,409.220000,100,62339918,INTERMARKET_SWEEP|REGULAR_HOURS
2022-08-01 13:31:31.309217024,1257868,T,SPY,409.270000,100,62632200,INTERMARKET_SWEEP|REGULAR_HOURS
2022-08-01 13:31:31.440130048,1258700,T,SPY,409.275000,100,62667016,REGULAR_HOURS
2022-08-01 13:31:31.552802048,1260013,T,SPY,409.240000,100,62718432,REGULAR_HOURS
2022-08-01 13:31:31.811155968,1261553,T,SPY,409.255000,100,62776104,REGULAR_HOURS
2022-08-01 13:31:32.004615936,1262788,T,SPY,409.265000,210,62819841,REGULAR_HOURS
2022-08-01 13:31:32.005028096,1262809,T,SPY,409.265000,100,62820419,REGULAR_HOURS
2022-08-01 13:31:32.005633024,1262829,T,SPY,409.260000,100,62821155,REGULAR_HOURS
2022-08-01 13:31:33.003062016,1270774,T,SPY,409.290000,100,63130915,REGULAR_HOURS
2022-08-01 13:31:33.389120000,1274885,T,SPY,409.300000,100,63293386,REGULAR_HOURS
2022-08-01 13:31:33.777901056,1277579,T,SPY,409.320000,102,63391725,REGULAR_HOURS
2022-08-01 13:31:34.189095936,1281996,T,SPY,409.305000,100,63559224,REGULAR_HOURS
2022-08-01 13:31:34.190054912,1282007,T,SPY,409.305000,100,63559554,REGULAR_HOURS
2022-08-01 13:31:34.190683904,1282039,T,SPY,409.305000,100,63560162,REGULAR_HOURS
2022-08-01 13:31:34.195480064,1282172,T,SPY,409.310000,100,63564610,REGULAR_HOURS
2022-08-01 13:31:37.990305024,1318692,T,SPY,409.335000,10,64937308,REGULAR_HOURS|ODD_LOT
2022-08-01 13:31:38.095218944,1319820,T,SPY,409.330000,5,64975827,REGULAR_HOURS|ODD_LOT
2022-08-01 13:31:38.834831104,1326833,T,SPY,409.265000,100,65222240,REGULAR_HOURS
2022-08-01 13:31:42.128407040,1357334,T,SPY,409.155000,100,66335174,REGULAR_HOURS
2022-08-01 13:31:42.225305088,1359150,T,SPY,409.150000,100,66396838,REGULAR_HOURS
2022-08-01 13:31:43.193785088,1367518,T,SPY,409.190000,501,66716987,REGULAR_HOURS
2022-08-01 13:31:43.738171904,1372347,T,SPY,409.200000,100,66889130,REGULAR_HOURS
2022-08-01 13:31:43.812709888,1373014,T,SPY,409.190000,499,66910939,REGULAR_HOURS
2022-08-01 13:31:43.812740096,1373015,T,SPY,409.190000,101,66910944,REGULAR_HOURS
2022-08-01 13:31:43.820477952,1373063,T,SPY,409.185000,399,66912451,REGULAR_HOURS
2022-08-01 13:31:43.820517888,1373064,T,SPY,409.185000,501,66912460,REGULAR_HOURS
2022-08-01 13:31:43.928877056,1373888,T,SPY,409.195000,100,66938568,REGULAR_HOURS
2022-08-01 13:31:43.946327040,1373970,T,SPY,409.195000,100,66942575,REGULAR_HOURS
2022-08-01 13:31:44.630584064,1380854,T,SPY,409.195000,100,67172608,REGULAR_HOURS
2022-08-01 13:31:44.876285952,1382976,T,SPY,409.210000,100,67249711,REGULAR_HOURS
2022-08-01 13:31:47.111008000,1402333,T,SPY,409.160000,100,67976972,REGULAR_HOURS
2022-08-01 13:31:47.118059008,1402392,T,SPY,409.160000,200,67979015,REGULAR_HOURS
2022-08-01 13:31:47.215066880,1403371,T,SPY,409.130000,10,68011563,INTERMARKET_SWEEP|REGULAR_HOURS|ODD_LOT|TRADE_THROUGH_EXEMPT
2022-08-01 13:31:47.215077120,1403372,T,SPY,409.120000,70,68011572,INTERMARKET_SWEEP|REGULAR_HOURS|ODD_LOT|TRADE_THROUGH_EXEMPT
2022-08-01 13:31:47.218913024,1403464,T,SPY,409.120000,30,68014533,INTERMARKET_SWEEP|REGULAR_HOURS|ODD_LOT
2022-08-01 13:31:47.218963968,1403466,T,SPY,409.120000,20,68014540,INTERMARKET_SWEEP|REGULAR_HOURS|ODD_LOT
2022-08-01 13:31:47.628114944,1405779,T,SPY,409.140000,58,68101630,REGULAR_HOURS|ODD_LOT
2022-08-01 13:31:47.776168960,1406881,T,SPY,409.155000,100,68141180,REGULAR_HOURS
2022-08-01 13:31:47.782372096,1407011,T,SPY,409.150000,300,68147337,REGULAR_HOURS
2022-08-01 13:31:48.039252992,1408698,T,SPY,409.155000,500,68204930,REGULAR_HOURS
2022-08-01 13:31:48.046718976,1408736,T,SPY,409.155000,100,68206173,REGULAR_HOURS
2022-08-01 13:31:48.046800896,1408737,T,SPY,409.155000,100,68206178,REGULAR_HOURS
2022-08-01 13:31:48.054482944,1408768,T,SPY,409.155000,100,68207558,REGULAR_HOURS
2022-08-01 13:31:48.062480896,1408798,T,SPY,409.155000,100,68208824,REGULAR_HOURS
2022-08-01 13:31:48.388122112,1411496,T,SPY,409.150000,100,68308097,REGULAR_HOURS
2022-08-01 13:31:48.391525888,1411529,T,SPY,409.150000,900,68308904,REGULAR_HOURS
2022-08-01 13:31:48.969295104,1416259,T,SPY,409.170000,100,68470194,REGULAR_HOURS
2022-08-01 13:31:49.466113024,1421657,T,SPY,409.135000,75,68657127,REGULAR_HOURS|ODD_LOT
2022-08-01 13:31:50.289701888,1428015,T,SPY,409.150000,100,68877775,INTERMARKET_SWEEP|REGULAR_HOURS
2022-08-01 13:31:50.289722112,1428017,T,SPY,409.150000,100,68877804,INTERMARKET_SWEEP|REGULAR_HOURS
2022-08-01 13:31:50.289742080,1428021,T,SPY,409.150000,200,68877838,INTERMARKET_SWEEP|REGULAR_HOURS
2022-08-01 13:31:50.297684992,1428726,T,SPY,409.170000,600,68904954,REGULAR_HOURS
2022-08-01 13:31:50.338760960,1429406,T,SPY,409.210000,100,68935796,REGULAR_HOURS
2022-08-01 13:31:50.398824960,1430448,T,SPY,409.200000,225,68973883,REGULAR_HOURS
2022-08-01 13:31:51.556883968,1439900,T,SPY,409.190000,100,69313441,REGULAR_HOURS
2022-08-01 13:31:51.595683072,1440201,T,SPY,409.195000,100,69324267,REGULAR_HOURS
2022-08-01 13:31:51.596773888,1440214,T,SPY,409.195000,900,69324516,REGULAR_HOURS
2022-08-01 13:31:53.218763008,1456135,T,SPY,409.160000,10,69917754,REGULAR_HOURS|ODD_LOT
2022-08-01 13:31:55.332631040,1473950,T,SPY,409.170000,10,70535927,REGULAR_HOURS|ODD_LOT
2022-08-01 13:31:55.333562112,1473964,T,SPY,409.170000,10,70536643,REGULAR_HOURS|ODD_LOT
2022-08-01 13:31:55.334455040,1473984,T,SPY,409.170000,10,70537223,REGULAR_HOURS|ODD_LOT
2022-08-01 13:31:55.335335936,1473995,T,SPY,409.170000,10,70537656,REGULAR_HOURS|ODD_LOT
2022-08-01 13:31:55.386909952,1474426,T,SPY,409.170000,195,70551483,REGULAR_HOURS
2022-08-01 13:31:55.386972928,1474429,T,SPY,409.170000,170,70551496,REGULAR_HOURS
2022-08-01 13:31:56.916410880,1487417,T,SPY,409.090000,80,71001032,INTERMARKET_SWEEP|REGULAR_HOURS|ODD_LOT
2022-08-01 13:31:56.916492032,1487418,T,SPY,409.090000,100,71001044,INTERMARKET_SWEEP|REGULAR_HOURS
2022-08-01 13:31:57.882490112,1495566,T,SPY,409.090000,100,71298874,REGULAR_HOURS
2022-08-01 13:31:58.233935104,1498683,T,SPY,409.100000,100,71398046,REGULAR_HOURS
2022-08-01 13:31:59.977256960,1513413,T,SPY,409.090000,100,71951968,INTERMARKET_SWEEP|REGULAR_HOURS
2022-08-01 13:32:02.352556032,1546357,T,SPY,409.020000,22,73111247,REGULAR_HOURS|ODD_LOT
2022-08-01 13:32:02.406306048,1547081,T,SPY,409.020000,54,73137054,REGULAR_HOURS|ODD_LOT
2022-08-01 13:32:03.474942976,1556562,T,SPY,408.970000,100,73474686,REGULAR_HOURS
2022-08-01 13:32:04.474778880,1569596,T,SPY,408.955000,34,73933324,REGULAR_HOURS|ODD_LOT
2022-08-01 13:32:04.475232000,1569602,T,SPY,408.955000,100,73933660,REGULAR_HOURS
2022-08-01 13:32:07.937891072,1610946,T,SPY,408.860000,100,75379289,REGULAR_HOURS
2022-08-01 13:32:12.370112000,1654637,T,SPY,408.830000,100,76919110,REGULAR_HOURS
2022-08-01 13:32:13.986146048,1669798,T,SPY,408.860000,100,77449480,INTERMARKET_SWEEP|REGULAR_HOURS
2022-08-01 13:32:13.986160128,1669799,T,SPY,408.860000,100,77449503,INTERMARKET_SWEEP|REGULAR_HOURS
2022-08-01 13:32:13.986180096,1669800,T,SPY,408.860000,2,77449518,INTERMARKET_SWEEP|REGULAR_HOURS|ODD_LOT
2022-08-01 13:32:14.001882880,1670016,T,SPY,408.860000,2,77461846,INTERMARKET_SWEEP|REGULAR_HOURS|ODD_LOT|TRADE_THROUGH_EXEMPT
2022-08-01 13:32:14.581985024,1677735,T,SPY,408.835000,100,77755634,REGULAR_HOURS
2022-08-01 13:32:14.740327936,1678917,T,SPY,408.850000,100,77799844,REGULAR_HOURS
2022-08-01 13:32:21.795214080,1752553,T,SPY,408.775000,100,80297593,REGULAR_HOURS
2022-08-01 13:32:21.910786048,1753710,T,SPY,408.780000,1,80337591,REGULAR_HOURS|ODD_LOT
2022-08-01 13:32:22.143926016,1756329,T,SPY,408.760000,100,80435201,REGULAR_HOURS
2022-08-01 13:32:23.648612096,1771226,T,SPY,408.750000,31,80934200,REGULAR_HOURS|ODD_LOT
2022-08-01 13:32:23.749240064,1772200,T,SPY,408.670000,100,80971491,INTERMARKET_SWEEP|REGULAR_HOURS
2022-08-01 13:32:23.749241088,1772202,T,SPY,408.670000,99,80971541,INTERMARKET_SWEEP|REGULAR_HOURS|ODD_LOT
2022-08-01 13:32:23.755319040,1772996,T,SPY,408.670000,100,80995219,REGULAR_HOURS
2022-08-01 13:32:27.381117952,1807748,T,SPY,408.665000,100,82230101,REGULAR_HOURS
2022-08-01 13:32:28.247159040,1814559,T,SPY,408.695000,100,82461873,REGULAR_HOURS
2022-08-01 13:32:33.242114048,1856288,T,SPY,408.690000,20,83940069,REGULAR_HOURS|ODD_LOT
2022-08-01 13:32:34.399100928,1865020,T,SPY,408.695000,200,84260632,REGULAR_HOURS
2022-08-01 13:32:37.358727936,1888630,T,SPY,408.690000,34,85079086,REGULAR_HOURS|ODD_LOT
2022-08-01 13:32:38.284658944,1894730,T,SPY,408.690000,4,85284048,REGULAR_HOURS|ODD_LOT
2022-08-01 13:32:40.392176896,1914512,T,SPY,408.750000,100,86019894,REGULAR_HOURS
2022-08-01 13:32:43.162748928,1944643,T,SPY,408.620000,100,87041912,REGULAR_HOURS
2022-08-01 13:32:43.348953088,1946538,T,SPY,408.650000,200,87109705,INTERMARKET_SWEEP|REGULAR_HOURS
2022-08-01 13:32:45.912044032,1968251,T,SPY,408.585000,100,87857732,INTERMARKET_SWEEP|REGULAR_HOURS
2022-08-01 13:32:49.492711936,1998178,T,SPY,408.500000,100,88882395,REGULAR_HOURS
2022-08-01 13:32:52.501874944,2028025,T,SPY,408.505000,200,89893861,REGULAR_HOURS
2022-08-01 13:32:52.626764032,2029313,T,SPY,408.500000,100,89933944,REGULAR_HOURS
2022-08-01 13:32:52.657605888,2029471,T,SPY,408.480000,100,89939823,INTERMARKET_SWEEP|REGULAR_HOURS
2022-08-01 13:32:54.881171968,2047162,T,SPY,408.530000,5,90552750,REGULAR_HOURS|ODD_LOT
2022-08-01 13:32:56.134774016,2059045,T,SPY,408.505000,100,90947787,REGULAR_HOURS
2022-08-01 13:32:56.317062912,2061136,T,SPY,408.530000,19,91027548,REGULAR_HOURS|ODD_LOT
2022-08-01 13:32:56.431932928,2061867,T,SPY,408.535000,500,91051712,REGULAR_HOURS
2022-08-01 13:32:56.432595968,2061903,T,SPY,408.540000,581,91053193,INTERMARKET_SWEEP|REGULAR_HOURS
2022-08-01 13:32:57.514681088,2071449,T,SPY,408.570000,5,91380567,REGULAR_HOURS|ODD_LOT
2022-08-01 13:33:00.715579904,2105375,T,SPY,408.460000,100,92567020,REGULAR_HOURS
2022-08-01 13:33:01.289580032,2112096,T,SPY,408.460000,1,92809372,REGULAR_HOURS|ODD_LOT
2022-08-01 13:33:01.797158912,2115913,T,SPY,408.460000,300,92948974,REGULAR_HOURS
2022-08-01 13:33:03.321576960,2128653,T,SPY,408.470000,100,93402865,INTERMARKET_SWEEP|REGULAR_HOURS
2022-08-01 13:33:03.981382912,2134107,T,SPY,408.470000,2,93592726,REGULAR_HOURS|ODD_LOT
2022-08-01 13:33:04.145537024,2136333,T,SPY,408.480000,17,93664459,INTERMARKET_SWEEP|REGULAR_HOURS|ODD_LOT|TRADE_THROUGH_EXEMPT
2022-08-01 13:33:04.169084928,2136963,T,SPY,408.495000,100,93688909,REGULAR_HOURS
2022-08-01 13:33:04.169611008,2136969,T,SPY,408.495000,100,93689092,REGULAR_HOURS
2022-08-01 13:33:04.511897088,2140088,T,SPY,408.500000,100,93793954,REGULAR_HOURS
2022-08-01 13:33:04.673784064,2141766,T,SPY,408.485000,100,93850880,REGULAR_HOURS
2022-08-01 13:33:05.524881920,2150637,T,SPY,408.470000,100,94148673,REGULAR_HOURS
2022-08-01 13:33:06.431217920,2156882,T,SPY,408.470000,400,94358465,INTERMARKET_SWEEP|REGULAR_HOURS
2022-08-01 13:33:06.615008000,2158338,T,SPY,408.480000,97,94408641,REGULAR_HOURS|ODD_LOT
2022-08-01 13:33:06.615526912,2158340,T,SPY,408.480000,100,94408713,REGULAR_HOURS
2022-08-01 13:33:06.728375040,2159072,T,SPY,408.485000,500,94433163,REGULAR_HOURS
2022-08-01 13:33:07.175984128,2161865,T,SPY,408.490000,57,94531322,REGULAR_HOURS|ODD_LOT
2022-08-01 13:33:07.197285888,2162047,T,SPY,408.490000,43,94537900,INTERMARKET_SWEEP|REGULAR_HOURS|ODD_LOT
2022-08-01 13:33:07.197286912,2162048,T,SPY,408.490000,44,94537914,INTERMARKET_SWEEP|REGULAR_HOURS|ODD_LOT
2022-08-01 13:33:07.197574912,2162054,T,SPY,408.490000,47,94538095,INTERMARKET_SWEEP|REGULAR_HOURS|ODD_LOT
2022-08-01 13:33:07.197978112,2162058,T,SPY,408.490000,209,94538405,INTERMARKET_SWEEP|REGULAR_HOURS
2022-08-01 13:33:07.576773888,2165034,T,SPY,408.530000,100,94650127,REGULAR_HOURS
2022-08-01 13:33:11.113110016,2203392,T,SPY,408.400000,100,95987933,REGULAR_HOURS
2022-08-01 13:33:11.113656064,2203397,T,SPY,408.400000,100,95988179,REGULAR_HOURS
2022-08-01 13:33:12.266558976,2213500,T,SPY,408.450000,21,96330463,INTERMARKET_SWEEP|REGULAR_HOURS|ODD_LOT
2022-08-01 13:33:12.271526912,2213598,T,SPY,408.450000,15,96333763,INTERMARKET_SWEEP|REGULAR_HOURS|ODD_LOT
2022-08-01 13:33:12.276315904,2213635,T,SPY,408.450000,11,96334805,INTERMARKET_SWEEP|REGULAR_HOURS|ODD_LOT
2022-08-01 13:33:12.288185088,2213778,T,SPY,408.450000,8,96339858,INTERMARKET_SWEEP|REGULAR_HOURS|ODD_LOT
2022-08-01 13:33:12.293968896,2213832,T,SPY,408.450000,6,96341489,INTERMARKET_SWEEP|REGULAR_HOURS|ODD_LOT
2022-08-01 13:33:12.306907904,2214029,T,SPY,408.450000,4,96347274,INTERMARKET_SWEEP|REGULAR_HOURS|ODD_LOT
2022-08-01 13:33:12.337807104,2214173,T,SPY,408.450000,3,96353561,INTERMARKET_SWEEP|REGULAR_HOURS|ODD_LOT
2022-08-01 13:33:12.343622912,2214235,T,SPY,408.450000,2,96355453,INTERMARKET_SWEEP|REGULAR_HOURS|ODD_LOT
2022-08-01 13:33:12.444258048,2215093,T,SPY,408.450000,100,96382243,INTERMARKET_SWEEP|REGULAR_HOURS
2022-08-01 13:33:12.525203968,2215530,T,SPY,408.450000,30,96395551,REGULAR_HOURS|ODD_LOT
2022-08-01 13:33:12.537518080,2215632,T,SPY,408.450000,17,96398038,REGULAR_HOURS|ODD_LOT
2022-08-01 13:33:12.591633920,2216156,T,SPY,408.450000,53,96413938,REGULAR_HOURS|ODD_LOT
2022-08-01 13:33:13.831329024,2225576,T,SPY,408.430000,100,96728725,REGULAR_HOURS
2022-08-01 13:33:14.037752064,2227816,T,SPY,408.430000,58,96802460,REGULAR_HOURS|ODD_LOT
2022-08-01 13:33:14.037779968,2227817,T,SPY,408.430000,100,96802477,REGULAR_HOURS
2022-08-01 13:33:14.190787072,2229113,T,SPY,408.435000,104,96849368,REGULAR_HOURS
2022-08-01 13:33:15.556178944,2242310,T,SPY,408.510000,100,97314768,REGULAR_HOURS
2022-08-01 13:33:17.788484096,2259277,T,SPY,408.530000,75,97895697,REGULAR_HOURS|ODD_LOT
2022-08-01 13:33:17.788502016,2259278,T,SPY,408.530000,25,97895703,REGULAR_HOURS|ODD_LOT
2022-08-01 13:33:17.893678080,2259977,T,SPY,408.520000,500,97921695,REGULAR_HOURS
2022-08-01 13:33:17.894560000,2259978,T,SPY,408.520000,300,97921859,REGULAR_HOURS
2022-08-01 13:33:17.894586880,2259979,T,SPY,408.520000,50,97921868,REGULAR_HOURS|ODD_LOT
2022-08-01 13:33:18.845144064,2267524,T,SPY,408.500000,100,98178201,INTERMARKET_SWEEP|REGULAR_HOURS
2022-08-01 13:33:19.616964096,2273262,T,SPY,408.495000,100,98367634,REGULAR_HOURS
2022-08-01 13:33:20.283057920,2282139,T,SPY,408.490000,100,98674456,REGULAR_HOURS
2022-08-01 13:33:20.289274112,2282203,T,SPY,408.490000,200,98676236,REGULAR_HOURS
2022-08-01 13:33:25.049298944,2323134,T,SPY,408.645000,100,100024368,REGULAR_HOURS
2022-08-01 13:33:25.051303936,2323155,T,SPY,408.645000,200,100024868,REGULAR_HOURS
2022-08-01 13:33:25.085725952,2323520,T,SPY,408.660000,1,100039139,INTERMARKET_SWEEP|REGULAR_HOURS|ODD_LOT
2022-08-01 13:33:25.085728000,2323521,T,SPY,408.660000,3,100039155,INTERMARKET_SWEEP|REGULAR_HOURS|ODD_LOT
2022-08-01 13:33:25.085729024,2323523,T,SPY,408.660000,1,100039170,INTERMARKET_SWEEP|REGULAR_HOURS|ODD_LOT
2022-08-01 13:33:26.471868928,2338774,T,SPY,408.695000,100,100592761,REGULAR_HOURS
2022-08-01 13:33:26.473732096,2338818,T,SPY,408.695000,200,100594070,REGULAR_HOURS
2022-08-01 13:33:27.004817920,2343816,T,SPY,408.660000,100,100775422,INTERMARKET_SWEEP|REGULAR_HOURS
2022-08-01 13:33:27.280134912,2346789,T,SPY,408.620000,100,100884178,REGULAR_HOURS
2022-08-01 13:33:29.825737984,2369955,T,SPY,408.575000,100,101660302,REGULAR_HOURS
2022-08-01 13:33:30.993366016,2377691,T,SPY,408.600000,3,101927091,REGULAR_HOURS|ODD_LOT
2022-08-01 13:33:30.993368064,2377692,T,SPY,408.600000,47,101927103,REGULAR_HOURS|ODD_LOT
2022-08-01 13:33:33.126694912,2396119,T,SPY,408.530000,100,102517827,REGULAR_HOURS
2022-08-01 13:33:33.715333888,2400590,T,SPY,408.520000,100,102656073,REGULAR_HOURS
2022-08-01 13:33:38.892794112,2442062,T,SPY,408.520000,100,103951388,INTERMARKET_SWEEP|REGULAR_HOURS
2022-08-01 13:33:40.185189120,2453664,T,SPY,408.575000,1600,104323954,REGULAR_HOURS
2022-08-01 13:33:41.343866112,2464841,T,SPY,408.585000,100,104685199,REGULAR_HOURS
2022-08-01 13:33:42.775906048,2477947,T,SPY,408.585000,200,105111425,REGULAR_HOURS
2022-08-01 13:33:42.776609024,2477949,T,SPY,408.585000,200,105111573,REGULAR_HOURS
2022-08-01 13:33:43.278292992,2481351,T,SPY,408.570000,200,105220420,INTERMARKET_SWEEP|REGULAR_HOURS
2022-08-01 13:33:50.687089920,2540988,T,SPY,408.610000,80,107130890,REGULAR_HOURS|ODD_LOT
2022-08-01 13:33:51.431396096,2547279,T,SPY,408.610000,20,107339014,INTERMARKET_SWEEP|REGULAR_HOURS|ODD_LOT
2022-08-01 13:33:51.431558912,2547280,T,SPY,408.610000,100,107339023,INTERMARKET_SWEEP|REGULAR_HOURS
2022-08-01 13:33:54.724491008,2575421,T,SPY,408.625000,100,108252413,REGULAR_HOURS
2022-08-01 13:34:02.614651904,2657875,T,SPY,408.680000,2,110936901,REGULAR_HOURS|ODD_LOT
2022-08-01 13:34:02.614733056,2657876,T,SPY,408.680000,2,110936994,REGULAR_HOURS|ODD_LOT
2022-08-01 13:34:02.614810880,2657881,T,SPY,408.680000,1,110937107,REGULAR_HOURS|ODD_LOT
2022-08-01 13:34:02.618274048,2658052,T,SPY,408.680000,10,110943012,REGULAR_HOURS|ODD_LOT
2022-08-01 13:34:02.771599872,2659971,T,SPY,408.690000,85,111007557,REGULAR_HOURS|ODD_LOT
2022-08-01 13:34:04.135280896,2676220,T,SPY,408.710000,100,111503362,INTERMARKET_SWEEP|REGULAR_HOURS
2022-08-01 13:34:05.096647936,2690003,T,SPY,408.655000,100,111925874,REGULAR_HOURS
2022-08-01 13:34:06.410067968,2713863,T,SPY,408.790000,18,112679147,INTERMARKET_SWEEP|REGULAR_HOURS|ODD_LOT
2022-08-01 13:34:06.410301952,2713864,T,SPY,408.790000,27,112679156,INTERMARKET_SWEEP|REGULAR_HOURS|ODD_LOT
2022-08-01 13:34:06.410302976,2713865,T,SPY,408.790000,100,112679169,INTERMARKET_SWEEP|REGULAR_HOURS
2022-08-01 13:34:06.410304000,2713866,T,SPY,408.790000,1,112679187,INTERMARKET_SWEEP|REGULAR_HOURS|ODD_LOT
2022-08-01 13:34:06.421585920,2714133,T,SPY,408.790000,12,112686602,INTERMARKET_SWEEP|REGULAR_HOURS|ODD_LOT
2022-08-01 13:34:06.421652992,2714135,T,SPY,408.790000,8,112686611,INTERMARKET_SWEEP|REGULAR_HOURS|ODD_LOT
2022-08-01 13:34:12.879685888,2786229,T,SPY,408.770000,25,115138596,REGULAR_HOURS|ODD_LOT
2022-08-01 13:34:12.933694976,2786536,T,SPY,408.765000,25,115150438,REGULAR_HOURS|ODD_LOT
2022-08-01 13:34:14.062085888,2796670,T,SPY,408.710000,50,115486040,REGULAR_HOURS|ODD_LOT
2022-08-01 13:34:14.062096896,2796671,T,SPY,408.710000,50,115486053,REGULAR_HOURS|ODD_LOT
2022-08-01 13:34:15.837452032,2816546,T,SPY,408.750000,100,116124176,INTERMARKET_SWEEP|REGULAR_HOURS
2022-08-01 13:34:18.002920960,2839674,T,SPY,408.740000,100,116885333,REGULAR_HOURS
2022-08-01 13:34:20.218502912,2860162,T,SPY,408.715000,100,117565373,REGULAR_HOURS
2022-08-01 13:34:20.540359936,2862618,T,SPY,408.735000,100,117645248,REGULAR_HOURS
2022-08-01 13:34:20.547366912,2862655,T,SPY,408.730000,100,117646651,REGULAR_HOURS
2022-08-01 13:34:20.813916928,2865107,T,SPY,408.715000,110,117726533,REGULAR_HOURS
2022-08-01 13:34:20.813934080,2865108,T,SPY,408.715000,37,117726538,REGULAR_HOURS|ODD_LOT
2022-08-01 13:34:21.591107072,2871665,T,SPY,408.690000,1,117942445,INTERMARKET_SWEEP|REGULAR_HOURS|ODD_LOT
2022-08-01 13:34:28.928484096,2933628,T,SPY,408.630000,89,120057753,INTERMARKET_SWEEP|REGULAR_HOURS|ODD_LOT|TRADE_THROUGH_EXEMPT
2022-08-01 13:34:30.104114944,2943356,T,SPY,408.645000,227,120382871,REGULAR_HOURS
2022-08-01 13:34:30.794701056,2951905,T,SPY,408.640000,20,120659763,REGULAR_HOURS|ODD_LOT
2022-08-01 13:34:33.255631104,2971510,T,SPY,408.645000,663,121326773,REGULAR_HOURS
2022-08-01 13:34:33.257874944,2971523,T,SPY,408.630000,100,121327399,REGULAR_HOURS
2022-08-01 13:34:33.257904128,2971524,T,SPY,408.630000,100,121327408,REGULAR_HOURS
2022-08-01 13:34:33.264076032,2971682,T,SPY,408.620000,500,121334012,INTERMARKET_SWEEP|REGULAR_HOURS
2022-08-01 13:34:33.264110080,2971683,T,SPY,408.620000,500,121334031,INTERMARKET_SWEEP|REGULAR_HOURS
2022-08-01 13:34:34.304233984,2982002,T,SPY,408.540000,11,121690016,REGULAR_HOURS|ODD_LOT
2022-08-01 13:34:34.983066112,2989465,T,SPY,408.630000,300,121944604,REGULAR_HOURS
2022-08-01 13:34:39.216768000,3015269,T,SPY,408.640000,100,122860947,REGULAR_HOURS
2022-08-01 13:34:40.867639040,3027179,T,SPY,408.635000,100,123296431,REGULAR_HOURS
2022-08-01 13:34:42.136225024,3037088,T,SPY,408.650000,200,123655166,INTERMARKET_SWEEP|REGULAR_HOURS
2022-08-01 13:34:43.257662976,3046102,T,SPY,408.670000,1,123951204,INTERMARKET_SWEEP|REGULAR_HOURS|ODD_LOT
2022-08-01 13:34:44.530836992,3059072,T,SPY,408.700000,100,124385208,REGULAR_HOURS
2022-08-01 13:34:47.322313984,3088126,T,SPY,408.785000,100,125359213,REGULAR_HOURS
2022-08-01 13:34:48.105760000,3095385,T,SPY,408.820000,55,125609493,REGULAR_HOURS|ODD_LOT
2022-08-01 13:34:48.106088960,3095403,T,SPY,408.830000,35,125611086,INTERMARKET_SWEEP|REGULAR_HOURS|ODD_LOT|TRADE_THROUGH_EXEMPT
2022-08-01 13:34:48.106128896,3095406,T,SPY,408.830000,5,125611255,INTERMARKET_SWEEP|REGULAR_HOURS|ODD_LOT|TRADE_THROUGH_EXEMPT
2022-08-01 13:34:48.106157056,3095409,T,SPY,408.830000,55,125611409,INTERMARKET_SWEEP|REGULAR_HOURS|ODD_LOT|TRADE_THROUGH_EXEMPT
2022-08-01 13:34:48.106187008,3095414,T,SPY,408.830000,50,125611518,INTERMARKET_SWEEP|REGULAR_HOURS|ODD_LOT|TRADE_THROUGH_EXEMPT
2022-08-01 13:34:48.106925056,3095484,T,SPY,408.850000,100,125614999,REGULAR_HOURS
2022-08-01 13:34:48.631220992,3109713,T,SPY,408.930000,100,126120232,INTERMARKET_SWEEP|REGULAR_HOURS
2022-08-01 13:34:49.555180032,3117109,T,SPY,408.960000,100,126390478,REGULAR_HOURS
2022-08-01 13:34:51.978742016,3136890,T,SPY,408.980000,100,127113950,REGULAR_HOURS
2022-08-01 13:34:52.588566016,3141938,T,SPY,408.980000,1,127300256,INTERMARKET_SWEEP|REGULAR_HOURS|ODD_LOT
2022-08-01 13:34:52.588613120,3141939,T,SPY,408.980000,2,127300267,INTERMARKET_SWEEP|REGULAR_HOURS|ODD_LOT
2022-08-01 13:34:52.751609088,3143239,T,SPY,408.990000,30,127341604,INTERMARKET_SWEEP|REGULAR_HOURS|ODD_LOT
2022-08-01 13:34:52.768632064,3143364,T,SPY,408.990000,5,127345370,INTERMARKET_SWEEP|REGULAR_HOURS|ODD_LOT
2022-08-01 13:34:53.371973120,3148286,T,SPY,408.995000,20,127504797,REGULAR_HOURS|ODD_LOT
2022-08-01 13:34:53.802672128,3151508,T,SPY,409.000000,95,127608832,REGULAR_HOURS|ODD_LOT
2022-08-01 13:34:53.802689024,3151510,T,SPY,409.000000,95,127608859,REGULAR_HOURS|ODD_LOT
2022-08-01 13:34:57.843153920,3189705,T,SPY,409.000000,100,128990290,REGULAR_HOURS
2022-08-01 13:35:00.197195008,3213356,T,SPY,408.920000,300,129832873,INTERMARKET_SWEEP|REGULAR_HOURS
2022-08-01 13:35:00.604851968,3220290,T,SPY,408.880000,14,130116050,REGULAR_HOURS|ODD_LOT
2022-08-01 13:35:00.871795968,3223135,T,SPY,408.900000,12,130215452,INTERMARKET_SWEEP|REGULAR_HOURS|ODD_LOT
2022-08-01 13:35:01.341284096,3227915,T,SPY,408.930000,100,130412936,INTERMARKET_SWEEP|REGULAR_HOURS
2022-08-01 13:35:01.624201984,3229534,T,SPY,408.940000,6,130478503,INTERMARKET_SWEEP|REGULAR_HOURS|ODD_LOT
2022-08-01 13:35:01.629976064,3229566,T,SPY,408.940000,4,130479826,INTERMARKET_SWEEP|REGULAR_HOURS|ODD_LOT
2022-08-01 13:35:01.687410944,3230021,T,SPY,408.940000,1,130498531,INTERMARKET_SWEEP|REGULAR_HOURS|ODD_LOT
2022-08-01 13:35:01.698555904,3230079,T,SPY,408.940000,89,130501490,INTERMARKET_SWEEP|REGULAR_HOURS|ODD_LOT
2022-08-01 13:35:02.012380928,3232868,T,SPY,408.990000,9,130614044,INTERMARKET_SWEEP|REGULAR_HOURS|ODD_LOT
2022-08-01 13:35:05.423804928,3272053,T,SPY,409.150000,100,132156233,REGULAR_HOURS
2022-08-01 13:35:08.848931072,3301049,T,SPY,409.230000,28,133299767,REGULAR_HOURS|ODD_LOT
2022-08-01 13:35:09.332374016,3306709,T,SPY,409.280000,100,133513835,INTERMARKET_SWEEP|REGULAR_HOURS|TRADE_THROUGH_EXEMPT
2022-08-01 13:35:09.344880128,3306883,T,SPY,409.290000,100,133520804,REGULAR_HOURS
2022-08-01 13:35:10.438202880,3315382,T,SPY,409.310000,7,133872577,INTERMARKET_SWEEP|REGULAR_HOURS|ODD_LOT
2022-08-01 13:35:19.472674048,3404078,T,SPY,409.240000,1479,137376460,REGULAR_HOURS
2022-08-01 13:35:19.660648960,3405071,T,SPY,409.265000,162,137415013,REGULAR_HOURS
2022-08-01 13:35:19.765499904,3406118,T,SPY,409.255000,10,137449617,REGULAR_HOURS|ODD_LOT
2022-08-01 13:35:19.808253952,3406710,T,SPY,409.300000,100,137473865,INTERMARKET_SWEEP|REGULAR_HOURS|TRADE_THROUGH_EXEMPT
2022-08-01 13:35:20.219666944,3416349,T,SPY,409.270000,10,137808598,REGULAR_HOURS|ODD_LOT
2022-08-01 13:35:21.051409920,3427330,T,SPY,409.270000,100,138207860,REGULAR_HOURS
2022-08-01 13:35:21.051460096,3427331,T,SPY,409.270000,110,138207874,REGULAR_HOURS
2022-08-01 13:35:21.722040064,3434333,T,SPY,409.250000,35,138487248,REGULAR_HOURS|ODD_LOT
2022-08-01 13:35:21.751642112,3434494,T,SPY,409.250000,1945,138493030,REGULAR_HOURS
2022-08-01 13:35:24.506160128,3456564,T,SPY,409.280000,700,139371182,INTERMARKET_SWEEP|REGULAR_HOURS
2022-08-01 13:35:24.570084096,3457116,T,SPY,409.290000,100,139395092,INTERMARKET_SWEEP|REGULAR_HOURS
2022-08-01 13:35:25.015166976,3459998,T,SPY,409.270000,400,139513200,INTERMARKET_SWEEP|REGULAR_HOURS
2022-08-01 13:35:26.311654912,3469337,T,SPY,409.315000,25,139911070,REGULAR_HOURS|ODD_LOT
2022-08-01 13:35:26.958348032,3474327,T,SPY,409.335000,15,140114242,REGULAR_HOURS|ODD_LOT
2022-08-01 13:35:28.954209024,3488937,T,SPY,409.330000,100,140695516,REGULAR_HOURS
2022-08-01 13:35:28.954253056,3488939,T,SPY,409.330000,1300,140695696,INTERMARKET_SWEEP|REGULAR_HOURS
2022-08-01 13:35:29.402423040,3491730,T,SPY,409.325000,20,140816483,REGULAR_HOURS|ODD_LOT
2022-08-01 13:35:29.511033088,3492670,T,SPY,409.305000,100,140854487,INTERMARKET_SWEEP|REGULAR_HOURS
2022-08-01 13:35:29.703585024,3494942,T,SPY,409.290000,21,140950945,INTERMARKET_SWEEP|REGULAR_HOURS|ODD_LOT
2022-08-01 13:35:29.712002048,3495082,T,SPY,409.290000,4,140957625,INTERMARKET_SWEEP|REGULAR_HOURS|ODD_LOT
2022-08-01 13:35:31.555380992,3510123,T,SPY,409.360000,10,141563295,REGULAR_HOURS|ODD_LOT
2022-08-01 13:35:31.555380992,3510124,T,SPY,409.360000,10,141563335,REGULAR_HOURS|ODD_LOT
2022-08-01 13:35:33.471191040,3528284,T,SPY,409.480000,500,142295863,REGULAR_HOURS
2022-08-01 13:35:33.716077056,3529824,T,SPY,409.470000,600,142354193,INTERMARKET_SWEEP|REGULAR_HOURS
2022-08-01 13:35:37.915631104,3567859,T,SPY,409.360000,100,143855771,REGULAR_HOURS
2022-08-01 13:35:40.859569920,3594437,T,SPY,409.325000,80,144944640,REGULAR_HOURS|ODD_LOT
2022-08-01 13:35:41.789051904,3600477,T,SPY,409.320000,10,145187996,REGULAR_HOURS|ODD_LOT
2022-08-01 13:35:42.364952064,3604188,T,SPY,409.315000,90,145331901,REGULAR_HOURS|ODD_LOT
2022-08-01 13:35:42.364989952,3604192,T,SPY,409.315000,10,145331982,REGULAR_HOURS|ODD_LOT
2022-08-01 13:35:42.364989952,3604194,T,SPY,409.310000,300,145332039,REGULAR_HOURS
2022-08-01 13:35:44.378763008,3615920,T,SPY,409.300000,100,145802863,INTERMARKET_SWEEP|REGULAR_HOURS
2022-08-01 13:35:44.675715072,3618315,T,SPY,409.245000,100,145894925,REGULAR_HOURS
2022-08-01 13:35:44.751513088,3619181,T,SPY,409.245000,40,145930017,REGULAR_HOURS|ODD_LOT
2022-08-01 13:35:45.040385024,3621350,T,SPY,409.260000,14,146022694,REGULAR_HOURS|ODD_LOT
2022-08-01 13:35:45.054934016,3621469,T,SPY,409.255000,10,146027440,REGULAR_HOURS|ODD_LOT
2022-08-01 13:35:45.197071104,3622355,T,SPY,409.260000,20,146060249,REGULAR_HOURS|ODD_LOT
2022-08-01 13:35:45.588345088,3624951,T,SPY,409.280000,2,146156806,INTERMARKET_SWEEP|REGULAR_HOURS|ODD_LOT
2022-08-01 13:35:45.592592896,3625166,T,SPY,409.295000,9,146168637,REGULAR_HOURS|ODD_LOT
2022-08-01 13:35:45.597712896,3625284,T,SPY,409.295000,2,146174740,REGULAR_HOURS|ODD_LOT
2022-08-01 13:35:45.965158912,3627704,T,SPY,409.310000,2,146274383,REGULAR_HOURS|ODD_LOT
2022-08-01 13:35:45.965432064,3627729,T,SPY,409.310000,1,146275350,INTERMARKET_SWEEP|REGULAR_HOURS|ODD_LOT
2022-08-01 13:35:48.438800896,3644716,T,SPY,409.230000,100,146967673,REGULAR_HOURS
2022-08-01 13:35:48.981361920,3648608,T,SPY,409.210000,1,147142989,REGULAR_HOURS|ODD_LOT
2022-08-01 13:35:50.452950016,3657839,T,SPY,409.250000,100,147520198,INTERMARKET_SWEEP|REGULAR_HOURS|TRADE_THROUGH_EXEMPT
2022-08-01 13:35:53.105089024,3679191,T,SPY,409.315000,100,148390940,REGULAR_HOURS
2022-08-01 13:35:53.250786048,3682146,T,SPY,409.340000,100,148500988,INTERMARKET_SWEEP|REGULAR_HOURS
2022-08-01 13:36:00.169696000,3729842,T,SPY,409.260000,900,150420952,REGULAR_HOURS
2022-08-01 13:36:01.825149952,3748532,T,SPY,409.340000,400,151150103,REGULAR_HOURS
2022-08-01 13:36:02.364702976,3752591,T,SPY,409.360000,1,151311226,INTERMARKET_SWEEP|REGULAR_HOURS|ODD_LOT
2022-08-01 13:36:02.848870912,3758203,T,SPY,409.365000,400,151513222,REGULAR_HOURS
2022-08-01 13:36:05.914749952,3784591,T,SPY,409.270000,100,152571182,INTERMARKET_SWEEP|REGULAR_HOURS
2022-08-01 13:36:08.118479872,3804634,T,SPY,409.240000,100,153391903,REGULAR_HOURS
2022-08-01 13:36:16.393649920,3875470,T,SPY,409.465000,100,156200955,REGULAR_HOURS
2022-08-01 13:36:22.431286016,3924772,T,SPY,409.445000,100,158079554,REGULAR_HOURS
2022-08-01 13:36:22.516861952,3925281,T,SPY,409.460000,200,158101619,REGULAR_HOURS
2022-08-01 13:36:23.679815936,3932999,T,SPY,409.490000,100,158385226,INTERMARKET_SWEEP|REGULAR_HOURS
2022-08-01 13:36:24.283738880,3938927,T,SPY,409.480000,100,158615302,REGULAR_HOURS
2022-08-01 13:36:25.908262912,3951352,T,SPY,409.500000,300,159061646,REGULAR_HOURS
2022-08-01 13:36:25.970643968,3951687,T,SPY,409.495000,10,159075757,REGULAR_HOURS|ODD_LOT
2022-08-01 13:36:26.247827968,3955179,T,SPY,409.500000,200,159191043,INTERMARKET_SWEEP|REGULAR_HOURS
2022-08-01 13:36:26.248264960,3955204,T,SPY,409.500000,100,159191960,REGULAR_HOURS
2022-08-01 13:36:28.275449088,3970069,T,SPY,409.440000,19,159745123,INTERMARKET_SWEEP|REGULAR_HOURS|ODD_LOT
2022-08-01 13:36:28.548852992,3973207,T,SPY,409.375000,8,159879888,REGULAR_HOURS|ODD_LOT
2022-08-01 13:36:28.687254016,3974405,T,SPY,409.385000,6,159929999,REGULAR_HOURS|ODD_LOT
2022-08-01 13:36:33.038740992,4016959,T,SPY,409.315000,90,161499251,REGULAR_HOURS|ODD_LOT
2022-08-01 13:36:33.051137024,4017020,T,SPY,409.315000,20,161501852,REGULAR_HOURS|ODD_LOT
2022-08-01 13:36:33.620290048,4021426,T,SPY,409.285000,7,161661549,REGULAR_HOURS|ODD_LOT
2022-08-01 13:36:35.498627072,4036497,T,SPY,409.270000,500,162236246,REGULAR_HOURS
2022-08-01 13:36:35.623047936,4038121,T,SPY,409.265000,5,162296417,REGULAR_HOURS|ODD_LOT
2022-08-01 13:36:36.012680960,4040919,T,SPY,409.240000,80,162401520,REGULAR_HOURS|ODD_LOT
2022-08-01 13:36:36.701508096,4046222,T,SPY,409.240000,100,162596147,REGULAR_HOURS
2022-08-01 13:36:36.804261120,4051052,T,SPY,409.220000,100,162757622,INTERMARKET_SWEEP|REGULAR_HOURS
2022-08-01 13:36:37.426188032,4057993,T,SPY,409.235000,5,163014903,REGULAR_HOURS|ODD_LOT
2022-08-01 13:36:37.436272896,4058257,T,SPY,409.250000,148,163026826,REGULAR_HOURS
2022-08-01 13:36:37.436273920,4058260,T,SPY,409.250000,80,163026859,REGULAR_HOURS|ODD_LOT
2022-08-01 13:36:37.436273920,4058262,T,SPY,409.250000,955,163026901,REGULAR_HOURS
2022-08-01 13:36:37.482387968,4058789,T,SPY,409.250000,100,163046892,REGULAR_HOURS
2022-08-01 13:36:37.482926080,4058790,T,SPY,409.250000,500,163047021,REGULAR_HOURS
2022-08-01 13:36:37.604698112,4059561,T,SPY,409.250000,15,163076234,REGULAR_HOURS|ODD_LOT
2022-08-01 13:36:37.617370112,4059622,T,SPY,409.250000,5,163078690,REGULAR_HOURS|ODD_LOT
2022-08-01 13:36:37.859480064,4061669,T,SPY,409.260000,100,163153556,REGULAR_HOURS
2022-08-01 13:36:37.860879872,4061687,T,SPY,409.260000,100,163154204,REGULAR_HOURS
2022-08-01 13:36:37.908226048,4062134,T,SPY,409.265000,125,163175345,REGULAR_HOURS
2022-08-01 13:36:38.661150976,4066999,T,SPY,409.270000,500,163370581,INTERMARKET_SWEEP|REGULAR_HOURS
2022-08-01 13:36:39.018171904,4070404,T,SPY,409.265000,105,163505362,REGULAR_HOURS
2022-08-01 13:36:39.535012096,4074668,T,SPY,409.255000,500,163660864,REGULAR_HOURS
2022-08-01 13:36:40.255450880,4082394,T,SPY,409.220000,1,163944190,REGULAR_HOURS|ODD_LOT
2022-08-01 13:36:40.255451904,4082396,T,SPY,409.220000,2,163944215,REGULAR_HOURS|ODD_LOT
2022-08-01 13:36:40.255452928,4082397,T,SPY,409.220000,22,163944229,REGULAR_HOURS|ODD_LOT
2022-08-01 13:36:41.591286016,4092270,T,SPY,409.210000,37,164323661,REGULAR_HOURS|ODD_LOT
2022-08-01 13:36:41.636988928,4092591,T,SPY,409.225000,21,164337460,REGULAR_HOURS|ODD_LOT
2022-08-01 13:36:41.636998912,4092592,T,SPY,409.225000,5,164337466,REGULAR_HOURS|ODD_LOT
2022-08-01 13:36:41.645016064,4092627,T,SPY,409.225000,100,164338648,REGULAR_HOURS
2022-08-01 13:36:41.890865920,4094124,T,SPY,409.220000,5,164399836,REGULAR_HOURS|ODD_LOT
2022-08-01 13:36:42.001131008,4094750,T,SPY,409.220000,10,164425604,REGULAR_HOURS|ODD_LOT
2022-08-01 13:36:44.570156032,4112550,T,SPY,409.230000,100,165099730,REGULAR_HOURS
2022-08-01 13:36:46.763749120,4124642,T,SPY,409.200000,1,165570438,INTERMARKET_SWEEP|REGULAR_HOURS|ODD_LOT
2022-08-01 13:36:51.766863104,4162412,T,SPY,409.215000,5,167023335,REGULAR_HOURS|ODD_LOT
2022-08-01 13:36:53.141933056,4171979,T,SPY,409.220000,239,167385863,INTERMARKET_SWEEP|REGULAR_HOURS
2022-08-01 13:36:53.142861056,4172022,T,SPY,409.220000,141,167387597,INTERMARKET_SWEEP|REGULAR_HOURS
2022-08-01 13:36:53.143448064,4172035,T,SPY,409.220000,20,167388054,REGULAR_HOURS|ODD_LOT
2022-08-01 13:36:53.526895104,4174323,T,SPY,409.230000,5,167467566,REGULAR_HOURS|ODD_LOT
2022-08-01 13:36:54.186742016,4183761,T,SPY,409.195000,5,167816303,INTERMARKET_SWEEP|REGULAR_HOURS|ODD_LOT
2022-08-01 13:36:54.186758912,4183762,T,SPY,409.190000,6,167816312,INTERMARKET_SWEEP|REGULAR_HOURS|ODD_LOT
2022-08-01 13:36:54.187345920,4183768,T,SPY,409.190000,80,167816517,REGULAR_HOURS|ODD_LOT
2022-08-01 13:36:54.257650944,4184339,T,SPY,409.190000,14,167837989,INTERMARKET_SWEEP|REGULAR_HOURS|ODD_LOT
2022-08-01 13:36:57.027610112,4204242,T,SPY,409.160000,175,168615168,REGULAR_HOURS
2022-08-01 13:36:57.564861952,4207767,T,SPY,409.150000,5,168752935,REGULAR_HOURS|ODD_LOT
2022-08-01 13:36:58.480329984,4214273,T,SPY,409.220000,100,169012853,REGULAR_HOURS
2022-08-01 13:36:58.491386112,4214307,T,SPY,409.230000,100,169014303,REGULAR_HOURS
2022-08-01 13:37:00.204267008,4225010,T,SPY,409.190000,500,169435771,REGULAR_HOURS
2022-08-01 13:37:00.204300032,4225085,T,SPY,409.190000,100,169438450,REGULAR_HOURS
2022-08-01 13:37:00.205323008,4225100,T,SPY,409.190000,100,169439379,REGULAR_HOURS
2022-08-01 13:37:00.205327104,4225104,T,SPY,409.190000,300,169439559,REGULAR_HOURS
2022-08-01 13:37:00.205367040,4225194,T,SPY,409.210000,100,169442954,REGULAR_HOURS
2022-08-01 13:37:00.206569984,4225317,T,SPY,409.220000,100,169447171,REGULAR_HOURS
2022-08-01 13:37:00.208731904,4225499,T,SPY,409.250000,100,169454405,REGULAR_HOURS
2022-08-01 13:37:00.208773120,4225598,T,SPY,409.270000,100,169458251,INTERMARKET_SWEEP|REGULAR_HOURS|TRADE_THROUGH_EXEMPT
2022-08-01 13:37:00.261090048,4231904,T,SPY,409.400000,100,169660436,INTERMARKET_SWEEP|REGULAR_HOURS
2022-08-01 13:37:00.384517120,4236364,T,SPY,409.350000,500,169852854,REGULAR_HOURS
2022-08-01 13:37:00.741751040,4239812,T,SPY,409.300000,125,170000520,REGULAR_HOURS
2022-08-01 13:37:00.759774976,4240009,T,SPY,409.320000,100,170010066,INTERMARKET_SWEEP|REGULAR_HOURS
2022-08-01 13:37:01.293587968,4245434,T,SPY,409.250000,100,170230807,REGULAR_HOURS
2022-08-01 13:37:01.626934016,4249592,T,SPY,409.260000,100,170389962,REGULAR_HOURS
2022-08-01 13:37:01.770746112,4251142,T,SPY,409.270000,114,170452043,INTERMARKET_SWEEP|REGULAR_HOURS
2022-08-01 13:37:01.771373056,4251199,T,SPY,409.270000,186,170454546,INTERMARKET_SWEEP|REGULAR_HOURS
2022-08-01 13:37:04.684325888,4275438,T,SPY,409.290000,15,171420359,REGULAR_HOURS|ODD_LOT
2022-08-01 13:37:05.093189120,4278634,T,SPY,409.255000,5,171551595,REGULAR_HOURS|ODD_LOT
2022-08-01 13:37:05.093266944,4278635,T,SPY,409.255000,95,171551602,REGULAR_HOURS|ODD_LOT
2022-08-01 13:37:05.093830912,4278637,T,SPY,409.255000,51,171551726,REGULAR_HOURS|ODD_LOT
2022-08-01 13:37:08.210310912,4298863,T,SPY,409.275000,100,172344182,REGULAR_HOURS
2022-08-01 13:37:08.592867072,4301738,T,SPY,409.270000,5,172466515,REGULAR_HOURS|ODD_LOT
2022-08-01 13:37:10.148567040,4309893,T,SPY,409.240000,7,172809572,REGULAR_HOURS|ODD_LOT
2022-08-01 13:37:10.184992000,4310198,T,SPY,409.240000,5,172821707,REGULAR_HOURS|ODD_LOT
2022-08-01 13:37:12.397753088,4327054,T,SPY,409.190000,100,173491132,REGULAR_HOURS
2022-08-01 13:37:13.563304960,4334773,T,SPY,409.170000,32,173806904,REGULAR_HOURS|ODD_LOT
2022-08-01 13:37:13.587622912,4335594,T,SPY,409.160000,100,173839569,REGULAR_HOURS
2022-08-01 13:37:13.813362944,4336886,T,SPY,409.175000,43,173894091,INTERMARKET_SWEEP|REGULAR_HOURS|ODD_LOT
2022-08-01 13:37:13.813363968,4336887,T,SPY,409.170000,24,173894098,INTERMARKET_SWEEP|REGULAR_HOURS|ODD_LOT
2022-08-01 13:37:13.813434112,4336891,T,SPY,409.170000,4,173894123,INTERMARKET_SWEEP|REGULAR_HOURS|ODD_LOT
2022-08-01 13:37:13.816009984,4336907,T,SPY,409.170000,72,173894786,INTERMARKET_SWEEP|REGULAR_HOURS|ODD_LOT
2022-08-01 13:37:13.970475008,4339163,T,SPY,409.130000,9,173985272,REGULAR_HOURS|ODD_LOT
2022-08-01 13:37:14.005893120,4339832,T,SPY,409.135000,1,174015835,REGULAR_HOURS|ODD_LOT
2022-08-01 13:37:14.005900032,4339833,T,SPY,409.135000,4,174015843,REGULAR_HOURS|ODD_LOT
2022-08-01 13:37:14.387930112,4342118,T,SPY,409.130000,1,174103217,REGULAR_HOURS|ODD_LOT
2022-08-01 13:37:15.682288128,4352130,T,SPY,409.170000,5,174468552,REGULAR_HOURS|ODD_LOT
2022-08-01 13:37:15.703507968,4352404,T,SPY,409.170000,27,174478951,REGULAR_HOURS|ODD_LOT
2022-08-01 13:37:18.470903040,4371826,T,SPY,409.190000,125,175224005,REGULAR_HOURS
2022-08-01 13:37:18.797712896,4373768,T,SPY,409.180000,1,175295879,REGULAR_HOURS|ODD_LOT
2022-08-01 13:37:20.183931904,4387479,T,SPY,409.175000,20,175819506,REGULAR_HOURS|ODD_LOT
2022-08-01 13:37:20.702384896,4390821,T,SPY,409.195000,29,175952380,REGULAR_HOURS|ODD_LOT
2022-08-01 13:37:20.703097088,4390840,T,SPY,409.195000,200,175952756,REGULAR_HOURS
2022-08-01 13:37:20.841191936,4391456,T,SPY,409.200000,5,175977892,REGULAR_HOURS|ODD_LOT
2022-08-01 13:37:21.020773120,4392190,T,SPY,409.200000,145,176008338,REGULAR_HOURS
2022-08-01 13:37:23.140377088,4403452,T,SPY,409.145000,100,176448008,REGULAR_HOURS
2022-08-01 13:37:23.147789056,4403468,T,SPY,409.145000,100,176448877,REGULAR_HOURS
2022-08-01 13:37:23.468549888,4405868,T,SPY,409.150000,44,176536826,REGULAR_HOURS|ODD_LOT
2022-08-01 13:37:24.225248000,4410541,T,SPY,409.125000,10,176703587,REGULAR_HOURS|ODD_LOT
2022-08-01 13:37:25.173540096,4416084,T,SPY,409.140000,200,176899671,REGULAR_HOURS
2022-08-01 13:37:25.302916096,4416487,T,SPY,409.120000,100,176916599,REGULAR_HOURS
2022-08-01 13:37:26.555633920,4425678,T,SPY,409.100000,100,177274844,INTERMARKET_SWEEP|REGULAR_HOURS
2022-08-01 13:37:26.555653120,4425679,T,SPY,409.100000,100,177274906,INTERMARKET_SWEEP|REGULAR_HOURS
2022-08-01 13:37:26.555687936,4425684,T,SPY,409.100000,100,177275051,INTERMARKET_SWEEP|REGULAR_HOURS
2022-08-01 13:37:27.947624960,4436676,T,SPY,409.100000,12,177698282,REGULAR_HOURS|ODD_LOT
2022-08-01 13:37:28.514002944,4439939,T,SPY,409.080000,8,177814874,REGULAR_HOURS|ODD_LOT
2022-08-01 13:37:28.514021888,4439940,T,SPY,409.080000,600,177814954,REGULAR_HOURS
2022-08-01 13:37:28.981603072,4443959,T,SPY,409.080000,7,177964341,REGULAR_HOURS|ODD_LOT
2022-08-01 13:37:28.981637120,4443960,T,SPY,409.080000,14,177964349,REGULAR_HOURS|ODD_LOT
2022-08-01 13:37:30.155778048,4451963,T,SPY,409.100000,5,178258455,REGULAR_HOURS|ODD_LOT
2022-08-01 13:37:30.887474944,4458341,T,SPY,409.075000,13,178473260,REGULAR_HOURS|ODD_LOT
2022-08-01 13:37:31.945816064,4465826,T,SPY,409.070000,5,178735150,REGULAR_HOURS|ODD_LOT
2022-08-01 13:37:31.945829888,4465827,T,SPY,409.070000,70,178735187,REGULAR_HOURS|ODD_LOT
2022-08-01 13:37:32.320653056,4468013,T,SPY,409.070000,100,178815980,REGULAR_HOURS
2022-08-01 13:37:32.568354048,4469208,T,SPY,409.070000,1,178856340,REGULAR_HOURS|ODD_LOT
2022-08-01 13:37:33.582435072,4475142,T,SPY,409.040000,41,179074488,REGULAR_HOURS|ODD_LOT
2022-08-01 13:37:33.582448896,4475143,T,SPY,409.040000,100,179074497,REGULAR_HOURS
2022-08-01 13:37:35.275853056,4485898,T,SPY,409.055000,5,179457309,REGULAR_HOURS|ODD_LOT
2022-08-01 13:37:37.686192128,4506303,T,SPY,409.055000,5,180181037,REGULAR_HOURS|ODD_LOT
2022-08-01 13:37:39.678618112,4516974,T,SPY,409.060000,5,180576214,REGULAR_HOURS|ODD_LOT
2022-08-01 13:37:41.466681088,4526944,T,SPY,409.050000,5,180942581,REGULAR_HOURS|ODD_LOT
2022-08-01 13:37:44.320847104,4541412,T,SPY,409.075000,190,181461986,REGULAR_HOURS
2022-08-01 13:37:45.685271040,4548045,T,SPY,409.050000,5,181694747,REGULAR_HOURS|ODD_LOT
2022-08-01 13:37:45.685315072,4548047,T,SPY,409.050000,6,181694792,REGULAR_HOURS|ODD_LOT
2022-08-01 13:37:45.685315072,4548049,T,SPY,409.050000,1,181694845,REGULAR_HOURS|ODD_LOT
2022-08-01 13:37:49.014597120,4571250,T,SPY,409.080000,5,182491199,REGULAR_HOURS|ODD_LOT
2022-08-01 13:37:50.832595968,4586725,T,SPY,409.100000,100,183038019,REGULAR_HOURS
2022-08-01 13:37:50.862210048,4586964,T,SPY,409.105000,5,183046357,REGULAR_HOURS|ODD_LOT
2022-08-01 13:37:50.862228992,4586965,T,SPY,409.105000,45,183046371,REGULAR_HOURS|ODD_LOT
2022-08-01 13:37:51.149170944,4590845,T,SPY,409.105000,5,183179853,REGULAR_HOURS|ODD_LOT
2022-08-01 13:37:52.117267968,4598335,T,SPY,409.100000,5,183452203,REGULAR_HOURS|ODD_LOT
2022-08-01 13:37:52.560972032,4601403,T,SPY,409.090000,6,183567413,REGULAR_HOURS|ODD_LOT
2022-08-01 13:37:52.560974080,4601405,T,SPY,409.090000,1,183567454,REGULAR_HOURS|ODD_LOT
2022-08-01 13:37:54.116048896,4612235,T,SPY,409.095000,5,183936317,REGULAR_HOURS|ODD_LOT
2022-08-01 13:37:54.148805120,4612343,T,SPY,409.100000,10,183942026,REGULAR_HOURS|ODD_LOT
2022-08-01 13:37:54.191260928,4612510,T,SPY,409.100000,6,183948155,REGULAR_HOURS|ODD_LOT
2022-08-01 13:37:54.191277056,4612511,T,SPY,409.100000,6,183948161,REGULAR_HOURS|ODD_LOT
2022-08-01 13:37:54.626475008,4615532,T,SPY,409.115000,80,184041430,REGULAR_HOURS|ODD_LOT
2022-08-01 13:37:56.168175104,4623196,T,SPY,409.140000,100,184311495,INTERMARKET_SWEEP|REGULAR_HOURS
2022-08-01 13:37:57.126754048,4630145,T,SPY,409.170000,49,184571927,REGULAR_HOURS|ODD_LOT
2022-08-01 13:37:57.133368064,4630214,T,SPY,409.170000,51,184574790,INTERMARKET_SWEEP|REGULAR_HOURS|ODD_LOT
2022-08-01 13:37:57.468609024,4632061,T,SPY,409.190000,18,184640083,INTERMARKET_SWEEP|REGULAR_HOURS|ODD_LOT
2022-08-01 13:37:57.468610048,4632064,T,SPY,409.190000,21,184640109,INTERMARKET_SWEEP|REGULAR_HOURS|ODD_LOT
2022-08-01 13:37:58.224139008,4637238,T,SPY,409.125000,8,184825938,INTERMARKET_SWEEP|REGULAR_HOURS|ODD_LOT
2022-08-01 13:38:00.215278080,4653577,T,SPY,409.080000,62,185399994,INTERMARKET_SWEEP|REGULAR_HOURS|ODD_LOT
2022-08-01 13:38:00.296259072,4654652,T,SPY,409.130000,100,185440445,INTERMARKET_SWEEP|REGULAR_HOURS|TRADE_THROUGH_EXEMPT
2022-08-01 13:38:00.297009920,4654741,T,SPY,409.140000,400,185443922,INTERMARKET_SWEEP|REGULAR_HOURS
2022-08-01 13:38:00.297328128,4654786,T,SPY,409.130000,100,185445466,REGULAR_HOURS
2022-08-01 13:38:00.298579968,4654951,T,SPY,409.130000,100,185450781,REGULAR_HOURS
2022-08-01 13:38:00.307610880,4656101,T,SPY,409.160000,100,185486264,INTERMARKET_SWEEP|REGULAR_HOURS|TRADE_THROUGH_EXEMPT
2022-08-01 13:38:00.321004032,4657356,T,SPY,409.160000,100,185535690,INTERMARKET_SWEEP|REGULAR_HOURS
2022-08-01 13:38:00.343292928,4658059,T,SPY,409.190000,17,185572685,REGULAR_HOURS|ODD_LOT
2022-08-01 13:38:00.343292928,4658063,T,SPY,409.190000,14,185572771,REGULAR_HOURS|ODD_LOT
2022-08-01 13:38:01.656646912,4670434,T,SPY,409.080000,8,186032592,INTERMARKET_SWEEP|REGULAR_HOURS|ODD_LOT
2022-08-01 13:38:01.790690048,4671783,T,SPY,409.080000,1,186082823,REGULAR_HOURS|ODD_LOT
2022-08-01 13:38:04.205784064,4687962,T,SPY,409.080000,100,186705434,REGULAR_HOURS
2022-08-01 13:38:04.205871104,4687963,T,SPY,409.080000,30,186705444,REGULAR_HOURS|ODD_LOT
2022-08-01 13:38:04.793911040,4692492,T,SPY,409.130000,17,186881530,INTERMARKET_SWEEP|REGULAR_HOURS|ODD_LOT
2022-08-01 13:38:06.538649088,4707625,T,SPY,409.125000,32,187424353,REGULAR_HOURS|ODD_LOT
2022-08-01 13:38:07.895898880,4717163,T,SPY,409.110000,100,187764133,REGULAR_HOURS
2022-08-01 13:38:08.731504896,4725575,T,SPY,409.055000,13,188045772,REGULAR_HOURS|ODD_LOT
2022-08-01 13:38:10.521969920,4738099,T,SPY,409.020000,7,188501257,REGULAR_HOURS|ODD_LOT
2022-08-01 13:38:10.667866112,4739583,T,SPY,408.990000,40,188550278,REGULAR_HOURS|ODD_LOT
2022-08-01 13:38:12.270927104,4752829,T,SPY,408.975000,5,189025450,REGULAR_HOURS|ODD_LOT
2022-08-01 13:38:13.806536960,4764400,T,SPY,409.040000,100,189449533,REGULAR_HOURS
2022-08-01 13:38:14.500539904,4769976,T,SPY,409.050000,1,189658017,REGULAR_HOURS|ODD_LOT
2022-08-01 13:38:14.614884096,4770788,T,SPY,409.050000,5,189685940,REGULAR_HOURS|ODD_LOT
2022-08-01 13:38:14.634616064,4770924,T,SPY,409.060000,100,189691167,REGULAR_HOURS
2022-08-01 13:38:15.319001088,4776015,T,SPY,409.030000,40,189877834,REGULAR_HOURS|ODD_LOT
2022-08-01 13:38:17.659429888,4798134,T,SPY,408.975000,14,190627706,REGULAR_HOURS|ODD_LOT
2022-08-01 13:38:17.659442944,4798135,T,SPY,408.975000,100,190627722,REGULAR_HOURS
2022-08-01 13:38:18.473240064,4805002,T,SPY,409.000000,65,190857135,REGULAR_HOURS|ODD_LOT
2022-08-01 13:38:18.819450880,4807826,T,SPY,409.010000,6,190949756,REGULAR_HOURS|ODD_LOT
2022-08-01 13:38:18.819504896,4807827,T,SPY,409.010000,2,190949762,REGULAR_HOURS|ODD_LOT
2022-08-01 13:38:25.173073920,4855247,T,SPY,409.020000,100,192603255,REGULAR_HOURS
2022-08-01 13:38:26.757952000,4872471,T,SPY,409.100000,99,193189029,INTERMARKET_SWEEP|REGULAR_HOURS|ODD_LOT
2022-08-01 13:38:27.484529920,4878888,T,SPY,409.065000,30,193414806,REGULAR_HOURS|ODD_LOT
2022-08-01 13:38:28.044198912,4883200,T,SPY,409.030000,40,193565573,REGULAR_HOURS|ODD_LOT
2022-08-01 13:38:31.434998016,4902396,T,SPY,409.050000,5,194275838,REGULAR_HOURS|ODD_LOT
2022-08-01 13:38:34.617955072,4927122,T,SPY,409.090000,26,195140326,REGULAR_HOURS|ODD_LOT
2022-08-01 13:38:34.637562880,4927278,T,SPY,409.090000,100,195144479,REGULAR_HOURS
2022-08-01 13:38:34.654241024,4927525,T,SPY,409.090000,6,195150596,REGULAR_HOURS|ODD_LOT
2022-08-01 13:38:34.833627904,4930069,T,SPY,409.090000,8,195230257,REGULAR_HOURS|ODD_LOT
2022-08-01 13:38:34.833711104,4930070,T,SPY,409.090000,5,195230268,REGULAR_HOURS|ODD_LOT
2022-08-01 13:38:35.498723072,4934694,T,SPY,409.070000,7,195398416,REGULAR_HOURS|ODD_LOT
2022-08-01 13:38:38.395875072,4952718,T,SPY,409.170000,8,196054695,INTERMARKET_SWEEP|REGULAR_HOURS|ODD_LOT
2022-08-01 13:38:39.228411904,4957859,T,SPY,409.210000,100,196242120,REGULAR_HOURS
2022-08-01 13:38:40.732811008,4970248,T,SPY,409.265000,53,196680520,REGULAR_HOURS|ODD_LOT
2022-08-01 13:38:40.740503040,4970280,T,SPY,409.265000,47,196681425,REGULAR_HOURS|ODD_LOT
2022-08-01 13:38:41.211913984,4974945,T,SPY,409.270000,100,196852818,REGULAR_HOURS
2022-08-01 13:38:41.211915008,4974946,T,SPY,409.270000,253,196852876,INTERMARKET_SWEEP|REGULAR_HOURS
2022-08-01 13:38:41.935077120,4979392,T,SPY,409.255000,9,197008946,REGULAR_HOURS|ODD_LOT
2022-08-01 13:38:41.935077888,4979395,T,SPY,409.255000,2,197009042,REGULAR_HOURS|ODD_LOT
2022-08-01 13:38:43.057629952,4987698,T,SPY,409.270000,100,197314940,REGULAR_HOURS
2022-08-01 13:38:43.114840064,4989957,T,SPY,409.290000,5,197391938,REGULAR_HOURS|ODD_LOT
2022-08-01 13:38:44.797627904,5004709,T,SPY,409.370000,530,197916549,REGULAR_HOURS
2022-08-01 13:38:44.961209088,5006073,T,SPY,409.375000,5,197963013,REGULAR_HOURS|ODD_LOT
2022-08-01 13:38:46.973604096,5018482,T,SPY,409.350000,20,198431062,REGULAR_HOURS|ODD_LOT
2022-08-01 13:38:46.973637120,5018483,T,SPY,409.350000,5,198431078,REGULAR_HOURS|ODD_LOT
2022-08-01 13:38:48.228476928,5027091,T,SPY,409.300000,100,198739582,REGULAR_HOURS
2022-08-01 13:38:51.960310016,5052379,T,SPY,409.265000,70,199647250,REGULAR_HOURS|ODD_LOT
2022-08-01 13:38:52.001597952,5052505,T,SPY,409.265000,100,199652778,REGULAR_HOURS
2022-08-01 13:38:52.132346112,5053032,T,SPY,409.265000,30,199672013,REGULAR_HOURS|ODD_LOT
2022-08-01 13:38:52.360564992,5055519,T,SPY,409.290000,100,199757720,REGULAR_HOURS
2022-08-01 13:38:52.486169088,5056826,T,SPY,409.295000,45,199804257,INTERMARKET_SWEEP|REGULAR_HOURS|ODD_LOT
2022-08-01 13:38:52.486170880,5056827,T,SPY,409.295000,5,199804273,INTERMARKET_SWEEP|REGULAR_HOURS|ODD_LOT
2022-08-01 13:38:52.486172928,5056829,T,SPY,409.290000,100,199804287,INTERMARKET_SWEEP|REGULAR_HOURS
2022-08-01 13:38:54.264346880,5065515,T,SPY,409.245000,80,200120657,INTERMARKET_SWEEP|REGULAR_HOURS|ODD_LOT
2022-08-01 13:38:54.264359936,5065516,T,SPY,409.245000,5,200120685,INTERMARKET_SWEEP|REGULAR_HOURS|ODD_LOT
2022-08-01 13:38:54.264372992,5065517,T,SPY,409.240000,15,200120709,INTERMARKET_SWEEP|REGULAR_HOURS|ODD_LOT
2022-08-01 13:38:54.264432896,5065520,T,SPY,409.240000,5,200120792,INTERMARKET_SWEEP|REGULAR_HOURS|ODD_LOT
2022-08-01 13:38:54.264456960,5065523,T,SPY,409.240000,64,200120828,INTERMARKET_SWEEP|REGULAR_HOURS|ODD_LOT
2022-08-01 13:38:54.264488960,5065525,T,SPY,409.240000,16,200120876,REGULAR_HOURS|ODD_LOT
2022-08-01 13:38:55.447385088,5076332,T,SPY,409.150000,1,200513878,INTERMARKET_SWEEP|REGULAR_HOURS|ODD_LOT
2022-08-01 13:38:56.261239040,5081500,T,SPY,409.155000,35,200711376,REGULAR_HOURS|ODD_LOT
2022-08-01 13:38:56.350981120,5082329,T,SPY,409.135000,30,200739380,REGULAR_HOURS|ODD_LOT
2022-08-01 13:38:56.501497088,5084150,T,SPY,409.140000,35,200797694,REGULAR_HOURS|ODD_LOT
2022-08-01 13:38:56.525431040,5084384,T,SPY,409.140000,15,200806984,REGULAR_HOURS|ODD_LOT
2022-08-01 13:38:56.947574016,5086673,T,SPY,409.125000,10,200885818,REGULAR_HOURS|ODD_LOT
2022-08-01 13:38:57.507087104,5089272,T,SPY,409.120000,100,200974301,REGULAR_HOURS
2022-08-01 13:38:57.610126080,5090335,T,SPY,409.120000,100,201012531,REGULAR_HOURS
2022-08-01 13:38:57.849742080,5091705,T,SPY,409.110000,100,201064220,REGULAR_HOURS
2022-08-01 13:38:58.143953920,5093164,T,SPY,409.120000,100,201114351,INTERMARKET_SWEEP|REGULAR_HOURS
2022-08-01 13:38:58.849882880,5099157,T,SPY,409.090000,100,201303717,REGULAR_HOURS
2022-08-01 13:38:58.902966016,5099563,T,SPY,409.080000,100,201318292,REGULAR_HOURS
2022-08-01 13:38:58.932909056,5099911,T,SPY,409.075000,15,201328217,REGULAR_HOURS|ODD_LOT
2022-08-01 13:38:58.932952064,5099913,T,SPY,409.075000,5,201328225,REGULAR_HOURS|ODD_LOT
2022-08-01 13:38:59.978262016,5107375,T,SPY,409.120000,100,201594692,REGULAR_HOURS
2022-08-01 13:39:00.442649088,5112594,T,SPY,409.120000,200,201758257,REGULAR_HOURS
2022-08-01 13:39:00.728126976,5114301,T,SPY,409.110000,5,201819509,REGULAR_HOURS|ODD_LOT
2022-08-01 13:39:01.791297024,5123176,T,SPY,409.085000,80,202120887,REGULAR_HOURS|ODD_LOT
2022-08-01 13:39:04.637061888,5148399,T,SPY,409.055000,5,202962222,REGULAR_HOURS|ODD_LOT
2022-08-01 13:39:04.637075968,5148400,T,SPY,409.055000,25,202962230,REGULAR_HOURS|ODD_LOT
2022-08-01 13:39:04.908488960,5151701,T,SPY,409.050000,20,203068159,REGULAR_HOURS|ODD_LOT
2022-08-01 13:39:05.520773888,5157794,T,SPY,409.060000,10,203270696,REGULAR_HOURS|ODD_LOT
2022-08-01 13:39:05.764945920,5160280,T,SPY,409.080000,40,203353662,REGULAR_HOURS|ODD_LOT
2022-08-01 13:39:09.232466944,5189122,T,SPY,409.095000,130,204347125,REGULAR_HOURS
2022-08-01 13:39:09.233718016,5189130,T,SPY,409.095000,100,204347301,REGULAR_HOURS
2022-08-01 13:39:09.600176896,5192176,T,SPY,409.130000,100,204455803,REGULAR_HOURS
2022-08-01 13:39:10.334219008,5197014,T,SPY,409.160000,24,204624139,REGULAR_HOURS|ODD_LOT
2022-08-01 13:39:10.334221056,5197016,T,SPY,409.160000,11,204624179,REGULAR_HOURS|ODD_LOT
2022-08-01 13:39:11.947635968,5215966,T,SPY,409.240000,100,205267023,REGULAR_HOURS
2022-08-01 13:39:12.759648000,5223449,T,SPY,409.290000,23,205511746,INTERMARKET_SWEEP|REGULAR_HOURS|ODD_LOT
2022-08-01 13:39:12.764164096,5223515,T,SPY,409.290000,23,205513756,INTERMARKET_SWEEP|REGULAR_HOURS|ODD_LOT
2022-08-01 13:39:12.786426880,5223691,T,SPY,409.290000,14,205520330,INTERMARKET_SWEEP|REGULAR_HOURS|ODD_LOT
2022-08-01 13:39:13.371479040,5232460,T,SPY,409.290000,15,205806156,INTERMARKET_SWEEP|REGULAR_HOURS|ODD_LOT
2022-08-01 13:39:13.978923008,5239482,T,SPY,409.260000,610,206030513,REGULAR_HOURS
2022-08-01 13:39:14.004385024,5239794,T,SPY,409.255000,40,206043694,INTERMARKET_SWEEP|REGULAR_HOURS|ODD_LOT
2022-08-01 13:39:14.017371904,5241407,T,SPY,409.245000,5,206089289,REGULAR_HOURS|ODD_LOT
2022-08-01 13:39:17.196334080,5270490,T,SPY,409.305000,100,207076209,REGULAR_HOURS
2022-08-01 13:39:17.741767936,5273869,T,SPY,409.310000,500,207186286,REGULAR_HOURS
2022-08-01 13:39:18.737198080,5285262,T,SPY,409.390000,1,207550952,REGULAR_HOURS|ODD_LOT
2022-08-01 13:39:18.737198080,5285266,T,SPY,409.390000,15,207551051,REGULAR_HOURS|ODD_LOT
2022-08-01 13:39:18.737198080,5285269,T,SPY,409.390000,2,207551103,REGULAR_HOURS|ODD_LOT
2022-08-01 13:39:18.737199104,5285270,T,SPY,409.390000,1,207551185,REGULAR_HOURS|ODD_LOT
2022-08-01 13:39:18.881508096,5288187,T,SPY,409.415000,100,207645639,REGULAR_HOURS
2022-08-01 13:39:20.000475904,5301536,T,SPY,409.430000,40,208089068,INTERMARKET_SWEEP|REGULAR_HOURS|ODD_LOT
2022-08-01 13:39:20.072975104,5302270,T,SPY,409.430000,200,208113175,REGULAR_HOURS
2022-08-01 13:39:20.072989952,5302271,T,SPY,409.430000,200,208113186,REGULAR_HOURS
2022-08-01 13:39:20.075456000,5302286,T,SPY,409.430000,300,208113684,REGULAR_HOURS
2022-08-01 13:39:20.681433088,5307417,T,SPY,409.425000,30,208291768,REGULAR_HOURS|ODD_LOT
2022-08-01 13:39:20.681451008,5307418,T,SPY,409.425000,5,208291778,REGULAR_HOURS|ODD_LOT
2022-08-01 13:39:21.985881088,5318670,T,SPY,409.405000,100,208676199,REGULAR_HOURS
2022-08-01 13:39:22.690705920,5323827,T,SPY,409.395000,265,208843975,REGULAR_HOURS
2022-08-01 13:39:23.237628928,5327317,T,SPY,409.415000,5,208960886,REGULAR_HOURS|ODD_LOT
2022-08-01 13:39:23.376474112,5328574,T,SPY,409.400000,5,209001822,REGULAR_HOURS|ODD_LOT
2022-08-01 13:39:24.328186112,5337524,T,SPY,409.430000,205,209308221,REGULAR_HOURS
2022-08-01 13:39:26.105932032,5351928,T,SPY,409.425000,5,209790219,REGULAR_HOURS|ODD_LOT
2022-08-01 13:39:27.354021888,5360697,T,SPY,409.480000,100,210107903,REGULAR_HOURS
2022-08-01 13:39:27.542157056,5361971,T,SPY,409.480000,5,210148931,REGULAR_HOURS|ODD_LOT
2022-08-01 13:39:27.542159872,5361976,T,SPY,409.480000,65,210148964,REGULAR_HOURS|ODD_LOT
2022-08-01 13:39:28.305102080,5367648,T,SPY,409.510000,1,210344968,REGULAR_HOURS|ODD_LOT
2022-08-01 13:39:28.449446912,5368389,T,SPY,409.500000,5,210371478,INTERMARKET_SWEEP|REGULAR_HOURS|ODD_LOT
2022-08-01 13:39:28.449447936,5368392,T,SPY,409.500000,5,210371556,INTERMARKET_SWEEP|REGULAR_HOURS|ODD_LOT
2022-08-01 13:39:30.291480064,5381070,T,SPY,409.520000,155,210820777,INTERMARKET_SWEEP|REGULAR_HOURS
2022-08-01 13:39:30.424156928,5382082,T,SPY,409.530000,15,210855698,REGULAR_HOURS|ODD_LOT
2022-08-01 13:39:30.451454976,5382503,T,SPY,409.540000,8,210868871,INTERMARKET_SWEEP|REGULAR_HOURS|ODD_LOT
2022-08-01 13:39:30.451517952,5382511,T,SPY,409.540000,1,210868939,INTERMARKET_SWEEP|REGULAR_HOURS|ODD_LOT
2022-08-01 13:39:30.545359104,5384798,T,SPY,409.580000,100,210937344,INTERMARKET_SWEEP|REGULAR_HOURS
2022-08-01 13:39:30.551020032,5384874,T,SPY,409.570000,100,210939332,REGULAR_HOURS
2022-08-01 13:39:31.153100032,5390709,T,SPY,409.590000,6,211131239,REGULAR_HOURS|ODD_LOT
2022-08-01 13:39:32.091353088,5399060,T,SPY,409.530000,70,211422973,REGULAR_HOURS|ODD_LOT
2022-08-01 13:39:32.527805952,5402003,T,SPY,409.510000,10,211522069,INTERMARKET_SWEEP|REGULAR_HOURS|ODD_LOT
2022-08-01 13:39:34.281041920,5415182,T,SPY,409.490000,5,211986935,REGULAR_HOURS|ODD_LOT
2022-08-01 13:39:34.757562112,5419662,T,SPY,409.510000,14,212133882,INTERMARKET_SWEEP|REGULAR_HOURS|ODD_LOT
2022-08-01 13:39:36.327088128,5436998,T,SPY,409.510000,5,212724609,REGULAR_HOURS|ODD_LOT
2022-08-01 13:39:38.230084096,5460504,T,SPY,409.720000,50,213501302,REGULAR_HOURS|ODD_LOT
2022-08-01 13:39:43.114383872,5520697,T,SPY,409.605000,100,215555850,REGULAR_HOURS
2022-08-01 13:39:44.271316992,5528259,T,SPY,409.620000,12,215815050,REGULAR_HOURS|ODD_LOT
2022-08-01 13:39:44.271318016,5528260,T,SPY,409.620000,5,215815078,REGULAR_HOURS|ODD_LOT
2022-08-01 13:39:45.404009984,5538390,T,SPY,409.565000,6,216156923,INTERMARKET_SWEEP|REGULAR_HOURS|ODD_LOT
2022-08-01 13:39:45.467168000,5539086,T,SPY,409.565000,2,216178052,INTERMARKET_SWEEP|REGULAR_HOURS|ODD_LOT
2022-08-01 13:39:45.467169024,5539087,T,SPY,409.565000,2,216178068,INTERMARKET_SWEEP|REGULAR_HOURS|ODD_LOT
2022-08-01 13:39:45.467170048,5539088,T,SPY,409.560000,96,216178086,INTERMARKET_SWEEP|REGULAR_HOURS|ODD_LOT
2022-08-01 13:39:45.467229952,5539093,T,SPY,409.560000,4,216178177,INTERMARKET_SWEEP|REGULAR_HOURS|ODD_LOT
2022-08-01 13:39:46.710046976,5550944,T,SPY,409.550000,5,216575948,REGULAR_HOURS|ODD_LOT
2022-08-01 13:39:47.318663936,5554553,T,SPY,409.550000,5,216696247,REGULAR_HOURS|ODD_LOT
2022-08-01 13:39:48.934348032,5566329,T,SPY,409.555000,5,217098825,REGULAR_HOURS|ODD_LOT
2022-08-01 13:39:50.669202944,5580861,T,SPY,409.510000,100,217614107,INTERMARKET_SWEEP|REGULAR_HOURS
2022-08-01 13:39:50.669204992,5580863,T,SPY,409.510000,100,217614171,INTERMARKET_SWEEP|REGULAR_HOURS
2022-08-01 13:39:54.042555904,5607887,T,SPY,409.555000,5,218536530,REGULAR_HOURS|ODD_LOT
2022-08-01 13:39:55.668964096,5622049,T,SPY,409.540000,85,219010975,REGULAR_HOURS|ODD_LOT
2022-08-01 13:39:56.558782976,5628203,T,SPY,409.560000,5,219216700,REGULAR_HOURS|ODD_LOT
2022-08-01 13:39:57.143077120,5632860,T,SPY,409.585000,5,219370958,REGULAR_HOURS|ODD_LOT
2022-08-01 13:39:57.143120896,5632861,T,SPY,409.585000,5,219370964,REGULAR_HOURS|ODD_LOT
2022-08-01 13:39:57.925591040,5638961,T,SPY,409.585000,9,219585849,REGULAR_HOURS|ODD_LOT
2022-08-01 13:39:57.932992000,5639001,T,SPY,409.585000,91,219586814,REGULAR_HOURS|ODD_LOT
2022-08-01 13:39:59.959310080,5654904,T,SPY,409.670000,100,220115985,INTERMARKET_SWEEP|REGULAR_HOURS
2022-08-01 13:40:03.740193024,5691700,T,SPY,409.600000,100,221416203,REGULAR_HOURS
2022-08-01 13:40:04.865156096,5703869,T,SPY,409.570000,5,221873327,REGULAR_HOURS|ODD_LOT
2022-08-01 13:40:07.599609088,5726039,T,SPY,409.490000,21,222652720,REGULAR_HOURS|ODD_LOT
2022-08-01 13:40:07.599780096,5726040,T,SPY,409.490000,4,222652727,REGULAR_HOURS|ODD_LOT
2022-08-01 13:40:10.029217024,5743624,T,SPY,409.570000,100,223325965,INTERMARKET_SWEEP|REGULAR_HOURS
2022-08-01 13:40:11.133135872,5763171,T,SPY,409.490000,1,223980158,REGULAR_HOURS|ODD_LOT
2022-08-01 13:40:11.795737088,5771117,T,SPY,409.475000,12,224243485,REGULAR_HOURS|ODD_LOT
2022-08-01 13:40:11.922213120,5774972,T,SPY,409.455000,47,224359488,REGULAR_HOURS|ODD_LOT
2022-08-01 13:40:12.035533056,5776338,T,SPY,409.455000,10,224407211,REGULAR_HOURS|ODD_LOT
2022-08-01 13:40:12.035622912,5776339,T,SPY,409.455000,5,224407256,REGULAR_HOURS|ODD_LOT
2022-08-01 13:40:12.538391040,5781314,T,SPY,409.450000,15,224605324,REGULAR_HOURS|ODD_LOT
2022-08-01 13:40:14.350603008,5800874,T,SPY,409.530000,5,225296585,REGULAR_HOURS|ODD_LOT
2022-08-01 13:40:15.043996928,5807415,T,SPY,409.545000,100,225511416,REGULAR_HOURS
2022-08-01 13:40:17.141562112,5824982,T,SPY,409.510000,39,226141992,REGULAR_HOURS|ODD_LOT
2022-08-01 13:40:17.141563904,5824984,T,SPY,409.510000,62,226142063,REGULAR_HOURS|ODD_LOT
2022-08-01 13:40:17.141566976,5824992,T,SPY,409.510000,238,226142226,INTERMARKET_SWEEP|REGULAR_HOURS
2022-08-01 13:40:21.088937984,5853789,T,SPY,409.490000,5,227185099,REGULAR_HOURS|ODD_LOT
2022-08-01 13:40:21.089001984,5853794,T,SPY,409.490000,35,227185156,REGULAR_HOURS|ODD_LOT
2022-08-01 13:40:24.192030976,5878181,T,SPY,409.485000,5,228033351,REGULAR_HOURS|ODD_LOT
2022-08-01 13:40:24.192069888,5878182,T,SPY,409.485000,31,228033364,REGULAR_HOURS|ODD_LOT
2022-08-01 13:40:24.208380928,5878371,T,SPY,409.480000,93,228040434,INTERMARKET_SWEEP|REGULAR_HOURS|ODD_LOT
2022-08-01 13:40:24.771127040,5883562,T,SPY,409.455000,150,228221321,REGULAR_HOURS
2022-08-01 13:40:26.666045952,5896587,T,SPY,409.525000,122,228694028,REGULAR_HOURS
2022-08-01 13:40:27.003728896,5898221,T,SPY,409.525000,100,228752916,REGULAR_HOURS
2022-08-01 13:40:27.124471040,5898711,T,SPY,409.520000,60,228770660,REGULAR_HOURS|ODD_LOT
2022-08-01 13:40:27.416829952,5900530,T,SPY,409.515000,30,228836073,REGULAR_HOURS|ODD_LOT
2022-08-01 13:40:27.469818880,5901087,T,SPY,409.505000,40,228853732,REGULAR_HOURS|ODD_LOT
2022-08-01 13:40:27.505924096,5902214,T,SPY,409.485000,40,228891753,REGULAR_HOURS|ODD_LOT
2022-08-01 13:40:27.521395968,5903008,T,SPY,409.475000,40,228917595,REGULAR_HOURS|ODD_LOT
2022-08-01 13:40:29.646182912,5917817,T,SPY,409.565000,30,229458004,INTERMARKET_SWEEP|REGULAR_HOURS|ODD_LOT
2022-08-01 13:40:31.259663104,5929534,T,SPY,409.575000,5,229869260,REGULAR_HOURS|ODD_LOT
2022-08-01 13:40:32.523588096,5937564,T,SPY,409.510000,5,230153606,REGULAR_HOURS|ODD_LOT
2022-08-01 13:40:32.523632896,5937566,T,SPY,409.510000,92,230153623,REGULAR_HOURS|ODD_LOT
2022-08-01 13:40:32.523633920,5937567,T,SPY,409.510000,3,230153637,REGULAR_HOURS|ODD_LOT
2022-08-01 13:40:35.996702976,5959065,T,SPY,409.540000,65,230922543,INTERMARKET_SWEEP|REGULAR_HOURS|ODD_LOT
2022-08-01 13:40:35.996779008,5959067,T,SPY,409.540000,5,230922686,INTERMARKET_SWEEP|REGULAR_HOURS|ODD_LOT
2022-08-01 13:40:38.753212928,5979669,T,SPY,409.630000,2,231652628,REGULAR_HOURS|ODD_LOT
2022-08-01 13:40:41.120928000,6003975,T,SPY,409.780000,100,232484237,REGULAR_HOURS
2022-08-01 13:40:41.120928000,6003977,T,SPY,409.780000,400,232484281,REGULAR_HOURS
2022-08-01 13:40:41.356079104,6011948,T,SPY,409.780000,100,232750367,INTERMARKET_SWEEP|REGULAR_HOURS
2022-08-01 13:40:41.439322880,6013491,T,SPY,409.750000,100,232808608,INTERMARKET_SWEEP|REGULAR_HOURS
2022-08-01 13:40:42.225378048,6020391,T,SPY,409.780000,95,233052722,INTERMARKET_SWEEP|REGULAR_HOURS|ODD_LOT
2022-08-01 13:40:42.225403904,6020393,T,SPY,409.780000,5,233052782,INTERMARKET_SWEEP|REGULAR_HOURS|ODD_LOT
2022-08-01 13:40:43.312631040,6035795,T,SPY,409.750000,73,233553473,INTERMARKET_SWEEP|REGULAR_HOURS|ODD_LOT
2022-08-01 13:40:44.009833984,6041042,T,SPY,409.735000,9,233730474,REGULAR_HOURS|ODD_LOT
2022-08-01 13:40:44.678558976,6050739,T,SPY,409.660000,5,234059954,REGULAR_HOURS|ODD_LOT
2022-08-01 13:40:44.749229056,6051995,T,SPY,409.655000,5,234096573,REGULAR_HOURS|ODD_LOT
2022-08-01 13:40:44.749360896,6051998,T,SPY,409.655000,5,234096642,REGULAR_HOURS|ODD_LOT
2022-08-01 13:40:44.791044096,6052861,T,SPY,409.655000,30,234125332,REGULAR_HOURS|ODD_LOT
2022-08-01 13:40:44.802126080,6053036,T,SPY,409.655000,60,234131006,REGULAR_HOURS|ODD_LOT
2022-08-01 13:40:45.190121984,6056544,T,SPY,409.640000,62,234253633,REGULAR_HOURS|ODD_LOT
2022-08-01 13:40:45.714508032,6062933,T,SPY,409.660000,41,234461749,REGULAR_HOURS|ODD_LOT
2022-08-01 13:40:46.271281920,6067113,T,SPY,409.705000,100,234605275,REGULAR_HOURS
2022-08-01 13:40:46.693800960,6070858,T,SPY,409.740000,21,234728263,INTERMARKET_SWEEP|REGULAR_HOURS|ODD_LOT
2022-08-01 13:40:46.856044032,6072528,T,SPY,409.735000,58,234781739,REGULAR_HOURS|ODD_LOT
2022-08-01 13:40:49.841257984,6094832,T,SPY,409.810000,100,235554285,INTERMARKET_SWEEP|REGULAR_HOURS
2022-08-01 13:40:50.574138880,6100833,T,SPY,409.805000,100,235751302,REGULAR_HOURS
2022-08-01 13:40:51.246177024,6106661,T,SPY,409.820000,100,235951039,REGULAR_HOURS
2022-08-01 13:40:51.470958080,6109179,T,SPY,409.800000,500,236030864,REGULAR_HOURS
2022-08-01 13:40:51.471065088,6109190,T,SPY,409.800000,100,236031273,REGULAR_HOURS
2022-08-01 13:40:51.839631872,6111762,T,SPY,409.805000,100,236115223,INTERMARKET_SWEEP|REGULAR_HOURS
2022-08-01 13:40:53.048122112,6119562,T,SPY,409.805000,5,236393697,INTERMARKET_SWEEP|REGULAR_HOURS|ODD_LOT
2022-08-01 13:40:53.048208896,6119563,T,SPY,409.805000,5,236393704,INTERMARKET_SWEEP|REGULAR_HOURS|ODD_LOT
2022-08-01 13:40:53.048209920,6119564,T,SPY,409.800000,168,236393713,INTERMARKET_SWEEP|REGULAR_HOURS
2022-08-01 13:40:53.048210944,6119565,T,SPY,409.800000,32,236393721,INTERMARKET_SWEEP|REGULAR_HOURS|ODD_LOT
2022-08-01 13:40:53.048211968,6119566,T,SPY,409.800000,400,236393726,INTERMARKET_SWEEP|REGULAR_HOURS
2022-08-01 13:40:53.048212992,6119567,T,SPY,409.800000,285,236393732,INTERMARKET_SWEEP|REGULAR_HOURS
2022-08-01 13:40:53.270682112,6120918,T,SPY,409.810000,100,236440224,REGULAR_HOURS
2022-08-01 13:40:53.322756096,6121115,T,SPY,409.810000,20,236445937,REGULAR_HOURS|ODD_LOT
2022-08-01 13:40:53.527214080,6122207,T,SPY,409.780000,1100,236485362,INTERMARKET_SWEEP|REGULAR_HOURS|TRADE_THROUGH_EXEMPT
2022-08-01 13:40:53.536846080,6122815,T,SPY,409.775000,40,236508107,REGULAR_HOURS|ODD_LOT
2022-08-01 13:40:57.325680128,6148268,T,SPY,409.855000,5,237380214,REGULAR_HOURS|ODD_LOT
2022-08-01 13:40:57.665562112,6151846,T,SPY,409.840000,5,237498410,REGULAR_HOURS|ODD_LOT
2022-08-01 13:40:58.212761088,6155143,T,SPY,409.850000,1,237620288,REGULAR_HOURS|ODD_LOT
2022-08-01 13:40:58.355997952,6156362,T,SPY,409.830000,100,237664398,REGULAR_HOURS
2022-08-01 13:40:58.733305088,6159479,T,SPY,409.810000,20,237766475,REGULAR_HOURS|ODD_LOT
2022-08-01 13:40:58.746595072,6159546,T,SPY,409.800000,320,237769751,REGULAR_HOURS
2022-08-01 13:40:58.844293888,6160128,T,SPY,409.800000,20,237795527,REGULAR_HOURS|ODD_LOT
2022-08-01 13:40:59.703412992,6165394,T,SPY,409.835000,200,237988241,REGULAR_HOURS
2022-08-01 13:40:59.711003904,6165536,T,SPY,409.830000,10,237992067,REGULAR_HOURS|ODD_LOT
2022-08-01 13:41:00.281627904,6169101,T,SPY,409.835000,500,238107302,REGULAR_HOURS
2022-08-01 13:41:00.413991936,6169991,T,SPY,409.810000,455,238137744,INTERMARKET_SWEEP|REGULAR_HOURS
2022-08-01 13:41:00.655493120,6174638,T,SPY,409.805000,195,238287046,REGULAR_HOURS
2022-08-01 13:41:00.662884096,6175094,T,SPY,409.820000,210,238299412,REGULAR_HOURS
2022-08-01 13:41:00.669579008,6175201,T,SPY,409.805000,80,238303865,REGULAR_HOURS|ODD_LOT
2022-08-01 13:41:00.673167872,6175269,T,SPY,409.805000,5,238306160,REGULAR_HOURS|ODD_LOT
2022-08-01 13:41:04.926245120,6209647,T,SPY,409.875000,100,239465650,INTERMARKET_SWEEP|REGULAR_HOURS
2022-08-01 13:41:04.926287104,6209649,T,SPY,409.870000,100,239465874,INTERMARKET_SWEEP|REGULAR_HOURS
2022-08-01 13:41:04.926895104,6209691,T,SPY,409.830000,130,239468696,INTERMARKET_SWEEP|REGULAR_HOURS|TRADE_THROUGH_EXEMPT
2022-08-01 13:41:04.934793984,6210641,T,SPY,409.820000,205,239501502,INTERMARKET_SWEEP|REGULAR_HOURS
2022-08-01 13:41:05.218834944,6214999,T,SPY,409.830000,100,239643270,REGULAR_HOURS
2022-08-01 13:41:05.943706112,6220477,T,SPY,409.820000,35,239830751,REGULAR_HOURS|ODD_LOT
2022-08-01 13:41:06.764643072,6226349,T,SPY,409.850000,100,240033171,REGULAR_HOURS
2022-08-01 13:41:08.207698944,6236201,T,SPY,409.875000,240,240370750,REGULAR_HOURS
2022-08-01 13:41:15.352495104,6292022,T,SPY,409.860000,10,242288939,REGULAR_HOURS|ODD_LOT
2022-08-01 13:41:15.427952896,6292540,T,SPY,409.855000,40,242307471,REGULAR_HOURS|ODD_LOT
2022-08-01 13:41:15.610876928,6294400,T,SPY,409.870000,100,242369263,INTERMARKET_SWEEP|REGULAR_HOURS
2022-08-01 13:41:17.558963968,6307206,T,SPY,409.845000,15,242813929,REGULAR_HOURS|ODD_LOT
2022-08-01 13:41:17.623991040,6307767,T,SPY,409.835000,5,242835296,REGULAR_HOURS|ODD_LOT
2022-08-01 13:41:18.079507968,6310349,T,SPY,409.855000,170,242925014,REGULAR_HOURS
2022-08-01 13:41:18.079511040,6310352,T,SPY,409.850000,200,242925061,REGULAR_HOURS
2022-08-01 13:41:18.519773952,6313650,T,SPY,409.830000,10,243031281,REGULAR_HOURS|ODD_LOT
2022-08-01 13:41:18.519774976,6313651,T,SPY,409.820000,59,243031301,REGULAR_HOURS|ODD_LOT
2022-08-01 13:41:18.647980032,6314385,T,SPY,409.835000,35,243056178,REGULAR_HOURS|ODD_LOT
2022-08-01 13:41:21.079857920,6330302,T,SPY,409.880000,100,243599766,REGULAR_HOURS
2022-08-01 13:41:22.212747008,6337859,T,SPY,409.880000,100,243844058,REGULAR_HOURS
2022-08-01 13:41:23.272784896,6344011,T,SPY,409.855000,80,244045906,REGULAR_HOURS|ODD_LOT
2022-08-01 13:41:24.060160000,6348914,T,SPY,409.860000,60,244233274,REGULAR_HOURS|ODD_LOT
2022-08-01 13:41:25.151783936,6353738,T,SPY,409.890000,29,244421531,REGULAR_HOURS|ODD_LOT
2022-08-01 13:41:25.402987008,6355635,T,SPY,409.900000,21,244485065,REGULAR_HOURS|ODD_LOT
2022-08-01 13:41:25.648944896,6358671,T,SPY,409.950000,9,244587482,REGULAR_HOURS|ODD_LOT
2022-08-01 13:41:25.649082112,6358672,T,SPY,409.950000,3,244587490,REGULAR_HOURS|ODD_LOT
2022-08-01 13:41:25.649084928,6358674,T,SPY,409.950000,426,244587496,REGULAR_HOURS
2022-08-01 13:41:25.662900992,6358749,T,SPY,409.935000,100,244590203,REGULAR_HOURS
2022-08-01 13:41:26.793966080,6365375,T,SPY,409.910000,100,244816815,REGULAR_HOURS
2022-08-01 13:41:26.962644992,6366312,T,SPY,409.900000,80,244847180,REGULAR_HOURS|ODD_LOT
2022-08-01 13:41:27.365520896,6368302,T,SPY,409.930000,100,244920094,REGULAR_HOURS
2022-08-01 13:41:29.863905024,6386002,T,SPY,409.920000,100,245532347,REGULAR_HOURS
2022-08-01 13:41:29.866455040,6386009,T,SPY,409.920000,100,245532523,REGULAR_HOURS
2022-08-01 13:41:29.866476032,6386010,T,SPY,409.920000,130,245532532,REGULAR_HOURS
2022-08-01 13:41:30.146263040,6388633,T,SPY,409.925000,243,245618587,INTERMARKET_SWEEP|REGULAR_HOURS
2022-08-01 13:41:31.202339072,6397006,T,SPY,409.990000,1970,245908278,REGULAR_HOURS
2022-08-01 13:41:31.202365952,6397009,T,SPY,409.990000,330,245908294,REGULAR_HOURS
2022-08-01 13:41:31.202372096,6397011,T,SPY,409.990000,100,245908307,REGULAR_HOURS
2022-08-01 13:41:32.259997952,6405055,T,SPY,410.040000,100,246185363,INTERMARKET_SWEEP|REGULAR_HOURS
2022-08-01 13:41:32.332617984,6406187,T,SPY,410.040000,41,246222140,INTERMARKET_SWEEP|REGULAR_HOURS|ODD_LOT
2022-08-01 13:41:32.515393024,6407936,T,SPY,410.005000,100,246287669,REGULAR_HOURS
2022-08-01 13:41:32.515411968,6407937,T,SPY,410.005000,100,246287674,REGULAR_HOURS
2022-08-01 13:41:32.515426048,6407938,T,SPY,410.005000,100,246287681,REGULAR_HOURS
2022-08-01 13:41:34.200354048,6418062,T,SPY,410.010000,2,246635869,REGULAR_HOURS|ODD_LOT
2022-08-01 13:41:34.200453888,6418063,T,SPY,410.010000,2,246635877,REGULAR_HOURS|ODD_LOT
2022-08-01 13:41:34.762647040,6422352,T,SPY,410.000000,300,246777534,INTERMARKET_SWEEP|REGULAR_HOURS
2022-08-01 13:41:35.548291072,6429020,T,SPY,410.020000,1200,247010221,REGULAR_HOURS
2022-08-01 13:41:35.637367040,6430284,T,SPY,410.020000,127,247042766,REGULAR_HOURS
2022-08-01 13:41:35.637400064,6430285,T,SPY,410.010000,373,247042772,REGULAR_HOURS
2022-08-01 13:41:36.012793088,6432221,T,SPY,410.010000,80,247109344,REGULAR_HOURS|ODD_LOT
2022-08-01 13:41:36.281703936,6438218,T,SPY,410.110000,227,247302693,REGULAR_HOURS
2022-08-01 13:41:37.396022016,6452949,T,SPY,410.160000,15,247783237,REGULAR_HOURS|ODD_LOT
2022-08-01 13:41:37.396022016,6452953,T,SPY,410.160000,10,247783297,REGULAR_HOURS|ODD_LOT
2022-08-01 13:41:38.072271872,6460390,T,SPY,410.175000,200,248018789,REGULAR_HOURS
2022-08-01 13:41:41.734631936,6487986,T,SPY,410.190000,5,248901811,REGULAR_HOURS|ODD_LOT
2022-08-01 13:41:41.754099968,6488090,T,SPY,410.190000,1,248905542,REGULAR_HOURS|ODD_LOT
2022-08-01 13:41:41.779523072,6488196,T,SPY,410.190000,29,248909497,REGULAR_HOURS|ODD_LOT
2022-08-01 13:41:41.889664000,6489156,T,SPY,410.190000,2,248935772,REGULAR_HOURS|ODD_LOT
2022-08-01 13:41:43.805839104,6512116,T,SPY,410.215000,100,249648188,REGULAR_HOURS
2022-08-01 13:41:45.462542080,6529447,T,SPY,410.210000,5,250199654,REGULAR_HOURS|ODD_LOT
2022-08-01 13:41:45.689737984,6533537,T,SPY,410.150000,100,250334427,REGULAR_HOURS
2022-08-01 13:41:47.950820096,6551868,T,SPY,410.205000,5,250922094,REGULAR_HOURS|ODD_LOT
2022-08-01 13:41:50.969594112,6574187,T,SPY,410.220000,5,251630136,REGULAR_HOURS|ODD_LOT
2022-08-01 13:41:51.170551040,6575933,T,SPY,410.220000,30,251690224,REGULAR_HOURS|ODD_LOT
2022-08-01 13:41:51.184161024,6576055,T,SPY,410.220000,20,251693482,REGULAR_HOURS|ODD_LOT
2022-08-01 13:41:52.199083008,6583277,T,SPY,410.210000,26,251931804,REGULAR_HOURS|ODD_LOT
2022-08-01 13:41:52.199258112,6583279,T,SPY,410.210000,15,251931817,REGULAR_HOURS|ODD_LOT
2022-08-01 13:41:52.222665984,6583384,T,SPY,410.210000,100,251934884,REGULAR_HOURS
2022-08-01 13:41:52.226572032,6583393,T,SPY,410.210000,66,251935298,REGULAR_HOURS|ODD_LOT
2022-08-01 13:41:52.231461120,6583402,T,SPY,410.210000,69,251935579,REGULAR_HOURS|ODD_LOT
2022-08-01 13:41:52.231550976,6583404,T,SPY,410.210000,166,251935586,REGULAR_HOURS
2022-08-01 13:41:53.061826048,6589016,T,SPY,410.200000,100,252113525,INTERMARKET_SWEEP|REGULAR_HOURS
2022-08-01 13:41:53.194398976,6590546,T,SPY,410.195000,5,252161146,REGULAR_HOURS|ODD_LOT
2022-08-01 13:41:53.262118912,6591103,T,SPY,410.200000,25,252177633,REGULAR_HOURS|ODD_LOT
2022-08-01 13:41:53.532860928,6593726,T,SPY,410.180000,5,252256946,REGULAR_HOURS|ODD_LOT
2022-08-01 13:41:53.532862976,6593729,T,SPY,410.180000,5,252256990,REGULAR_HOURS|ODD_LOT
2022-08-01 13:41:53.532864000,6593731,T,SPY,410.180000,200,252257028,REGULAR_HOURS
2022-08-01 13:41:54.261138944,6598861,T,SPY,410.180000,200,252425625,REGULAR_HOURS
2022-08-01 13:41:55.445046016,6608226,T,SPY,410.215000,60,252710253,REGULAR_HOURS|ODD_LOT
2022-08-01 13:41:57.006274048,6620206,T,SPY,410.220000,32,253065935,INTERMARKET_SWEEP|REGULAR_HOURS|ODD_LOT
2022-08-01 13:41:57.006673920,6620252,T,SPY,410.220000,100,253067184,INTERMARKET_SWEEP|REGULAR_HOURS
2022-08-01 13:41:57.006819072,6620277,T,SPY,410.220000,28,253067776,INTERMARKET_SWEEP|REGULAR_HOURS|ODD_LOT
2022-08-01 13:41:57.006904064,6620280,T,SPY,410.220000,72,253067837,INTERMARKET_SWEEP|REGULAR_HOURS|ODD_LOT
2022-08-01 13:41:57.007138048,6620325,T,SPY,410.220000,100,253068790,REGULAR_HOURS
2022-08-01 13:41:57.184321024,6621580,T,SPY,410.215000,100,253105908,INTERMARKET_SWEEP|REGULAR_HOURS
2022-08-01 13:41:58.417650944,6631666,T,SPY,410.210000,100,253401229,REGULAR_HOURS
2022-08-01 13:41:58.418298112,6631682,T,SPY,410.210000,100,253401695,REGULAR_HOURS
2022-08-01 13:41:58.418916096,6631695,T,SPY,410.210000,500,253402274,REGULAR_HOURS
2022-08-01 13:41:58.735414016,6634762,T,SPY,410.240000,12,253492772,INTERMARKET_SWEEP|REGULAR_HOURS|ODD_LOT
2022-08-01 13:41:58.735527936,6634778,T,SPY,410.240000,8,253493281,INTERMARKET_SWEEP|REGULAR_HOURS|ODD_LOT
2022-08-01 13:41:58.735927040,6634832,T,SPY,410.240000,12,253494919,REGULAR_HOURS|ODD_LOT
2022-08-01 13:41:58.735970048,6634838,T,SPY,410.240000,100,253495066,REGULAR_HOURS
2022-08-01 13:41:58.738108928,6635105,T,SPY,410.245000,40,253503623,REGULAR_HOURS|ODD_LOT
2022-08-01 13:41:58.744290048,6635883,T,SPY,410.245000,100,253521758,REGULAR_HOURS
2022-08-01 13:41:58.763234048,6637097,T,SPY,410.260000,1,253556923,INTERMARKET_SWEEP|REGULAR_HOURS|ODD_LOT
2022-08-01 13:41:58.763235072,6637099,T,SPY,410.260000,2,253556945,INTERMARKET_SWEEP|REGULAR_HOURS|ODD_LOT
2022-08-01 13:41:58.763648000,6637126,T,SPY,410.260000,100,253557400,REGULAR_HOURS
2022-08-01 13:41:59.057174016,6641600,T,SPY,410.250000,12,253683946,REGULAR_HOURS|ODD_LOT
2022-08-01 13:41:59.070717952,6641962,T,SPY,410.245000,99,253694245,REGULAR_HOURS|ODD_LOT
2022-08-01 13:41:59.081265920,6642106,T,SPY,410.245000,30,253697782,REGULAR_HOURS|ODD_LOT
2022-08-01 13:41:59.089615872,6642174,T,SPY,410.240000,21,253700155,REGULAR_HOURS|ODD_LOT
2022-08-01 13:41:59.089616896,6642175,T,SPY,410.240000,9,253700168,REGULAR_HOURS|ODD_LOT
2022-08-01 13:41:59.700596992,6649374,T,SPY,410.215000,40,253906957,REGULAR_HOURS|ODD_LOT
2022-08-01 13:41:59.702763008,6649430,T,SPY,410.215000,30,253908675,REGULAR_HOURS|ODD_LOT
2022-08-01 13:41:59.797913088,6651596,T,SPY,410.210000,100,253977034,REGULAR_HOURS
2022-08-01 13:41:59.798420992,6651599,T,SPY,410.210000,1900,253977128,REGULAR_HOURS
2022-08-01 13:41:59.842513920,6651947,T,SPY,410.220000,5,253989648,REGULAR_HOURS|ODD_LOT
2022-08-01 13:42:01.392442880,6674929,T,SPY,410.280000,15,254639367,REGULAR_HOURS|ODD_LOT
2022-08-01 13:42:01.682002944,6676618,T,SPY,410.290000,79,254690932,REGULAR_HOURS|ODD_LOT
2022-08-01 13:42:03.267949056,6690192,T,SPY,410.320000,12,255093620,INTERMARKET_SWEEP|REGULAR_HOURS|ODD_LOT
2022-08-01 13:42:05.002426880,6706580,T,SPY,410.315000,5,255576886,REGULAR_HOURS|ODD_LOT
2022-08-01 13:42:05.231089920,6708071,T,SPY,410.315000,98,255622281,REGULAR_HOURS|ODD_LOT
2022-08-01 13:42:05.392251904,6709501,T,SPY,410.320000,43,255666521,REGULAR_HOURS|ODD_LOT
2022-08-01 13:42:05.392263936,6709502,T,SPY,410.320000,7,255666529,REGULAR_HOURS|ODD_LOT
2022-08-01 13:42:05.611916032,6712599,T,SPY,410.350000,3,255749882,INTERMARKET_SWEEP|REGULAR_HOURS|ODD_LOT
2022-08-01 13:42:05.611931904,6712600,T,SPY,410.350000,97,255749889,INTERMARKET_SWEEP|REGULAR_HOURS|ODD_LOT
2022-08-01 13:42:05.931581952,6715434,T,SPY,410.350000,28,255833909,REGULAR_HOURS|ODD_LOT
2022-08-01 13:42:05.931593984,6715435,T,SPY,410.350000,42,255833917,REGULAR_HOURS|ODD_LOT
2022-08-01 13:42:06.943257088,6724449,T,SPY,410.350000,48,256088490,REGULAR_HOURS|ODD_LOT
2022-08-01 13:42:06.943302912,6724450,T,SPY,410.350000,39,256088500,REGULAR_HOURS|ODD_LOT
2022-08-01 13:42:07.235676928,6726689,T,SPY,410.370000,2,256155705,REGULAR_HOURS|ODD_LOT
2022-08-01 13:42:07.235696128,6726690,T,SPY,410.370000,1,256155710,REGULAR_HOURS|ODD_LOT
2022-08-01 13:42:09.602415104,6759243,T,SPY,410.460000,92,257106435,REGULAR_HOURS|ODD_LOT
2022-08-01 13:42:10.295664896,6766706,T,SPY,410.450000,100,257328852,REGULAR_HOURS
2022-08-01 13:42:10.356264960,6768586,T,SPY,410.410000,95,257378866,INTERMARKET_SWEEP|REGULAR_HOURS|ODD_LOT
2022-08-01 13:42:12.240812032,6787156,T,SPY,410.420000,21,257947799,REGULAR_HOURS|ODD_LOT
2022-08-01 13:42:12.240847104,6787158,T,SPY,410.420000,12,257947842,REGULAR_HOURS|ODD_LOT
2022-08-01 13:42:12.240881920,6787159,T,SPY,410.420000,17,257947856,REGULAR_HOURS|ODD_LOT
2022-08-01 13:42:14.151939072,6811140,T,SPY,410.355000,300,258665346,REGULAR_HOURS
2022-08-01 13:42:15.742871040,6825365,T,SPY,410.365000,200,259095893,REGULAR_HOURS
2022-08-01 13:42:16.845202944,6840650,T,SPY,410.305000,500,259530182,REGULAR_HOURS
2022-08-01 13:42:16.865340928,6840829,T,SPY,410.305000,500,259535782,REGULAR_HOURS
2022-08-01 13:42:17.333058048,6845252,T,SPY,410.355000,300,259670905,REGULAR_HOURS
2022-08-01 13:42:19.556313088,6866155,T,SPY,410.395000,125,260305088,REGULAR_HOURS
2022-08-01 13:42:19.556327936,6866156,T,SPY,410.395000,5,260305094,REGULAR_HOURS|ODD_LOT
2022-08-01 13:42:19.557484032,6866160,T,SPY,410.390000,165,260305255,REGULAR_HOURS
2022-08-01 13:42:19.558062080,6866163,T,SPY,410.390000,120,260305342,REGULAR_HOURS
2022-08-01 13:42:19.633273088,6866796,T,SPY,410.370000,100,260322935,REGULAR_HOURS
2022-08-01 13:42:22.012288000,6891086,T,SPY,410.325000,25,261082663,REGULAR_HOURS|ODD_LOT
2022-08-01 13:42:22.012288000,6891090,T,SPY,410.325000,5,261082725,REGULAR_HOURS|ODD_LOT
2022-08-01 13:42:22.037504000,6891943,T,SPY,410.330000,100,261105838,INTERMARKET_SWEEP|REGULAR_HOURS
2022-08-01 13:42:24.242744064,6909137,T,SPY,410.290000,85,261652429,REGULAR_HOURS|ODD_LOT
2022-08-01 13:42:24.936386048,6914291,T,SPY,410.300000,230,261809184,REGULAR_HOURS
2022-08-01 13:42:24.936456960,6914293,T,SPY,410.300000,5,261809256,REGULAR_HOURS|ODD_LOT
2022-08-01 13:42:24.936456960,6914299,T,SPY,410.300000,200,261809332,REGULAR_HOURS
2022-08-01 13:42:26.486947072,6927151,T,SPY,410.300000,40,262196019,REGULAR_HOURS|ODD_LOT
2022-08-01 13:42:26.487418112,6927163,T,SPY,410.305000,75,262196426,INTERMARKET_SWEEP|REGULAR_HOURS|ODD_LOT
2022-08-01 13:42:26.487939072,6927171,T,SPY,410.305000,75,262196656,INTERMARKET_SWEEP|REGULAR_HOURS|ODD_LOT
2022-08-01 13:42:26.525006080,6927781,T,SPY,410.295000,40,262212221,REGULAR_HOURS|ODD_LOT
2022-08-01 13:42:27.170373888,6931052,T,SPY,410.285000,120,262308683,REGULAR_HOURS
2022-08-01 13:42:27.170397952,6931054,T,SPY,410.285000,5,262308780,REGULAR_HOURS|ODD_LOT
2022-08-01 13:42:27.170445056,6931058,T,SPY,410.280000,200,262308891,REGULAR_HOURS
2022-08-01 13:42:29.741853952,6958039,T,SPY,410.320000,70,263115478,REGULAR_HOURS|ODD_LOT
2022-08-01 13:42:30.097832960,6961953,T,SPY,410.370000,3,263237114,INTERMARKET_SWEEP|REGULAR_HOURS|ODD_LOT
2022-08-01 13:42:33.068100096,6993678,T,SPY,410.320000,16,264182326,REGULAR_HOURS|ODD_LOT
2022-08-01 13:42:33.944429056,7001681,T,SPY,410.370000,20,264429398,REGULAR_HOURS|ODD_LOT
2022-08-01 13:42:36.888133120,7025403,T,SPY,410.395000,5,265160261,REGULAR_HOURS|ODD_LOT
2022-08-01 13:42:39.395655936,7046487,T,SPY,410.370000,100,265792867,REGULAR_HOURS
2022-08-01 13:42:43.334393088,7078879,T,SPY,410.375000,98,266760957,REGULAR_HOURS|ODD_LOT
2022-08-01 13:42:44.538059008,7086213,T,SPY,410.375000,155,266994468,REGULAR_HOURS
2022-08-01 13:42:47.084090112,7106905,T,SPY,410.405000,28,267618828,REGULAR_HOURS|ODD_LOT
2022-08-01 13:42:47.088474880,7107003,T,SPY,410.405000,66,267622288,REGULAR_HOURS|ODD_LOT
2022-08-01 13:42:47.348282880,7109233,T,SPY,410.410000,5,267687249,INTERMARKET_SWEEP|REGULAR_HOURS|ODD_LOT
2022-08-01 13:42:47.433177088,7110660,T,SPY,410.390000,100,267729510,INTERMARKET_SWEEP|REGULAR_HOURS
2022-08-01 13:42:48.661120000,7126977,T,SPY,410.450000,28,268218367,INTERMARKET_SWEEP|REGULAR_HOURS|ODD_LOT
2022-08-01 13:42:48.679723008,7128363,T,SPY,410.450000,14,268252650,INTERMARKET_SWEEP|REGULAR_HOURS|ODD_LOT
2022-08-01 13:42:49.879610880,7138507,T,SPY,410.390000,94,268563436,REGULAR_HOURS|ODD_LOT
2022-08-01 13:42:50.142031104,7140051,T,SPY,410.400000,5,268611577,REGULAR_HOURS|ODD_LOT
2022-08-01 13:42:50.142031872,7140055,T,SPY,410.400000,300,268611655,REGULAR_HOURS
2022-08-01 13:42:51.169993984,7145942,T,SPY,410.385000,25,268786307,REGULAR_HOURS|ODD_LOT
2022-08-01 13:42:51.237355008,7146210,T,SPY,410.385000,60,268794891,REGULAR_HOURS|ODD_LOT
2022-08-01 13:42:51.361318912,7147228,T,SPY,410.400000,25,268821758,REGULAR_HOURS|ODD_LOT
2022-08-01 13:42:52.451649024,7156641,T,SPY,410.360000,100,269103064,INTERMARKET_SWEEP|REGULAR_HOURS
2022-08-01 13:42:52.458377984,7156843,T,SPY,410.355000,5,269110704,REGULAR_HOURS|ODD_LOT
2022-08-01 13:42:52.458426112,7156846,T,SPY,410.355000,205,269110796,REGULAR_HOURS
2022-08-01 13:42:55.288182016,7177197,T,SPY,410.300000,40,269728689,REGULAR_HOURS|ODD_LOT
2022-08-01 13:42:55.334927104,7178194,T,SPY,410.290000,15,269759542,REGULAR_HOURS|ODD_LOT
2022-08-01 13:42:55.335013120,7178195,T,SPY,410.290000,100,269759551,REGULAR_HOURS
2022-08-01 13:42:55.346358016,7178280,T,SPY,410.300000,10,269762306,REGULAR_HOURS|ODD_LOT
2022-08-01 13:42:55.351870976,7178314,T,SPY,410.290000,65,269763384,REGULAR_HOURS|ODD_LOT
2022-08-01 13:42:57.543296000,7195146,T,SPY,410.330000,100,270277767,REGULAR_HOURS
2022-08-01 13:42:57.904634880,7196903,T,SPY,410.325000,100,270334761,REGULAR_HOURS
2022-08-01 13:42:58.137688064,7198567,T,SPY,410.325000,80,270386743,REGULAR_HOURS|ODD_LOT
2022-08-01 13:42:58.215998976,7199061,T,SPY,410.325000,100,270400906,REGULAR_HOURS
2022-08-01 13:42:58.266441984,7199316,T,SPY,410.315000,10,270409797,REGULAR_HOURS|ODD_LOT
2022-08-01 13:43:00.238510080,7212055,T,SPY,410.310000,85,270781148,REGULAR_HOURS|ODD_LOT
2022-08-01 13:43:00.290819072,7212849,T,SPY,410.300000,35,270803906,REGULAR_HOURS|ODD_LOT
2022-08-01 13:43:00.454644992,7216408,T,SPY,410.295000,20,270904566,REGULAR_HOURS|ODD_LOT
2022-08-01 13:43:01.089693952,7221052,T,SPY,410.315000,5,271046351,REGULAR_HOURS|ODD_LOT
2022-08-01 13:43:01.106963968,7221124,T,SPY,410.310000,75,271048512,REGULAR_HOURS|ODD_LOT
2022-08-01 13:43:02.057038080,7226697,T,SPY,410.300000,18,271214848,INTERMARKET_SWEEP|REGULAR_HOURS|ODD_LOT
2022-08-01 13:43:02.750917888,7231076,T,SPY,410.285000,40,271349710,INTERMARKET_SWEEP|REGULAR_HOURS|ODD_LOT
2022-08-01 13:43:03.170921984,7234723,T,SPY,410.295000,5,271471887,REGULAR_HOURS|ODD_LOT
2022-08-01 13:43:03.277251072,7235436,T,SPY,410.300000,10,271496788,REGULAR_HOURS|ODD_LOT
2022-08-01 13:43:03.300683008,7235535,T,SPY,410.305000,15,271501615,REGULAR_HOURS|ODD_LOT
2022-08-01 13:43:03.310403072,7235556,T,SPY,410.305000,100,271502624,REGULAR_HOURS
2022-08-01 13:43:03.312558080,7235560,T,SPY,410.305000,20,271502749,REGULAR_HOURS|ODD_LOT
2022-08-01 13:43:05.257918976,7250591,T,SPY,410.300000,42,271967881,REGULAR_HOURS|ODD_LOT
2022-08-01 13:43:05.324124928,7250950,T,SPY,410.295000,10,271978972,REGULAR_HOURS|ODD_LOT
2022-08-01 13:43:05.328112128,7250960,T,SPY,410.295000,100,271979550,REGULAR_HOURS
2022-08-01 13:43:05.335900928,7250995,T,SPY,410.295000,25,271981088,REGULAR_HOURS|ODD_LOT
2022-08-01 13:43:05.500504064,7251986,T,SPY,410.295000,135,272008788,REGULAR_HOURS
2022-08-01 13:43:06.058705920,7255908,T,SPY,410.250000,82,272123749,INTERMARKET_SWEEP|REGULAR_HOURS|ODD_LOT|TRADE_THROUGH_EXEMPT
2022-08-01 13:43:06.058736128,7255909,T,SPY,410.250000,89,272123756,INTERMARKET_SWEEP|REGULAR_HOURS|ODD_LOT|TRADE_THROUGH_EXEMPT
2022-08-01 13:43:06.834825984,7260219,T,SPY,410.300000,240,272260102,INTERMARKET_SWEEP|REGULAR_HOURS
2022-08-01 13:43:07.505858048,7264067,T,SPY,410.300000,300,272385656,INTERMARKET_SWEEP|REGULAR_HOURS
2022-08-01 13:43:09.062853120,7274049,T,SPY,410.320000,60,272695313,REGULAR_HOURS|ODD_LOT
2022-08-01 13:43:09.203444992,7275086,T,SPY,410.330000,100,272726956,INTERMARKET_SWEEP|REGULAR_HOURS
2022-08-01 13:43:10.351237888,7281478,T,SPY,410.325000,40,272932837,REGULAR_HOURS|ODD_LOT
2022-08-01 13:43:10.766085120,7283661,T,SPY,410.315000,5,273004404,REGULAR_HOURS|ODD_LOT
2022-08-01 13:43:11.086740992,7284950,T,SPY,410.310000,270,273044134,REGULAR_HOURS
2022-08-01 13:43:11.086820096,7284953,T,SPY,410.310000,200,273044195,REGULAR_HOURS
2022-08-01 13:43:12.511255040,7296970,T,SPY,410.295000,100,273406457,REGULAR_HOURS
2022-08-01 13:43:13.534393088,7305743,T,SPY,410.340000,200,273677837,REGULAR_HOURS
2022-08-01 13:43:13.627664896,7306512,T,SPY,410.335000,100,273699143,REGULAR_HOURS
2022-08-01 13:43:13.824791040,7307786,T,SPY,410.355000,500,273740657,REGULAR_HOURS
2022-08-01 13:43:13.898235904,7308586,T,SPY,410.355000,500,273765863,REGULAR_HOURS
2022-08-01 13:43:13.899851008,7308679,T,SPY,410.350000,400,273769275,INTERMARKET_SWEEP|REGULAR_HOURS
2022-08-01 13:43:16.781125888,7328062,T,SPY,410.335000,300,274376141,REGULAR_HOURS
2022-08-01 13:43:16.788673024,7328107,T,SPY,410.335000,200,274377207,REGULAR_HOURS
2022-08-01 13:43:16.843471104,7328265,T,SPY,410.335000,400,274383317,REGULAR_HOURS
